2782 4612
67 611 69 614 ¹
150 536 246 621 μόνος
267 529 399 620 υρόποςς
431 530 488 598 74¹·
506 530 548 597 11
569 531 605 611 ἐξ
628 527 812 611 ἀναγκαίων
835 524 901 617 ἄρα
924 530 977 594 dec
995 530 1079 595 cluam
1100 525 1158 596 τόν

153 648 363 734 συλλογισμόν
390 652 410 714 i.
433 672 457 714 a.
488 649 689 736 syllogismum
721 645 998 723 demonstrativum,
1032 646 1069 712 dc
1098 667 1157 734 qno

153 769 286 856 quaestio
315 766 451 830 instituta
480 777 540 842 est3
571 761 650 830 984⁵
671 763 690 827 2
719 761 886 846 τετύχηκεν
908 757 990 826 οὖσα
1013 765 1160 848 περὶτῆς

152 877 280 967 maiorue
306 873 327 965 ἦ
357 879 440 958 δόξα
469 882 488 944 i.
512 901 536 944 c.
561 879 816 955 decoramentis,
847 898 965 965 exque
990 899 1090 943 omnes
1113 899 1159 944 aas

154 1019 192 1062 ex
221 1018 296 1084 aqua
326 995 522 1060 condensatae
551 1015 613 1058 csse
642 993 786 1058 dicautur.
833 991 893 1058 Nee
922 993 994 1058 male
1018 994 1159 1060 andonius

152 1113 207 1178 hae
235 1113 396 1198 insigniore
418 1113 448 1174 vi
476 1113 638 1173 instructus
667 1107 923 1194 rei'prncdicatae
953 1108 1086 1185 additur,
1118 1111 1160 1174 sic

156 1224 253 1291 1081α
275 1224 293 1289 7
323 1228 378 1288 καὶ
405 1220 463 1300 τοὶς
486 1223 573 1300 ideam
595 1218 653 1288 orlac
675 1222 837 1304 ἐνδέχεται
859 1224 942 1287 εἶναι
963 1218 1038 1300 τους
1059 1220 1159 1307 alpad-

151 1341 232 1424 μούς
256 1343 274 1405 i.
293 1363 318 1406 e.
342 1363 393 1405 cos
416 1361 564 1414 numeros,
590 1359 664 1426 qnos
687 1339 831 1404 Platonici
854 1352 1030 1404 statuerunt.
1090 1405 1094 1412 ,

222 1453 319 1521 10581
342 1453 392 1519 18.
433 1452 455 1539 ἢ
489 1453 537 1518 dac
566 1451 686 1518 ἔνεσαν
713 1452 749 1516 ἐν
776 1458 820 1542 τῷ
850 1453 933 1542 λόγῳ
962 1453 1160 1535 ἓναντίωσοςς

152 1573 207 1632 καὶ
227 1564 289 1653 γὰρ
312 1573 369 1633 τοῦ
389 1568 505 1634 huxori
520 1562 703 1652 οἷνθρόπου
717 1571 771 1632 καὶ
785 1568 923 1653 μέλανος
938 1575 1047 1635 ἵππου.
1080 1571 1158 1656 Quid

153 1694 282 1750 extrema
298 1684 389 1750 verba
412 1688 466 1748 eccl
481 1723 515 1738 -
531 1689 631 1748 turcos
654 1684 712 1748 hoc
734 1685 802 1748 loco
825 1685 882 1749 cibi
898 1686 998 1763 velint,
1024 1688 1160 1775 equidem

152 1821 212 1864 uon
235 1802 398 1886 perspici03
429 1799 565 1887 gradatio
590 1811 683 1876 certa,
710 1821 785 1886 quae
808 1799 1040 1868 conformatione
1063 1825 1160 1891 grem-

153 1916 257 1978 matica
280 1909 348 1990 (ααὶ
369 1909 445 1998 γὰρ)
469 1914 625 1990 indicatur,
648 1915 728 1978 nulla
752 1926 804 1981 eat.
827 1915 930 1992 ‚Immo
947 1938 1017 1982 vcro
1040 1918 1078 1983 nd
1094 1941 1161 2007 gre·

153 2031 220 2093 vius
250 2041 452 2115 argumentum
483 2029 652 2094 ascenderet
678 2032 790 2107 oratio,
822 2033 846 2094 si
869 2031 981 2097 nullum
1006 2032 1161 2100 discrimen
1229 2123 1232 2131 l

153 2143 268 2220 caloris,
293 2155 327 2207 nt
349 2143 470 2230 quoda
494 2147 614 2210 materia
638 2143 774 2222 ducatur,
799 2158 991 2232 spectaretur.
1035 2151 1161 2237 Aptiore

153 2258 279 2325 sortasse
303 2251 368 2322 loco
392 2259 440 2324 illa
456 2259 548 2324 verba
570 2273 640 2346 post
664 2256 695 2322 oi
717 2255 808 2340 λόγου
823 2257 931 2326 αὐτῶν
946 2258 987 2343 (ν.
1007 2262 1060 2348 18)
1083 2266 1161 2354 lege-

152 2375 323 2439 rentnrhoc
340 2395 442 2438 sensu:
459 2397 525 2438 nam
539 2387 567 2440 ct
579 2374 638 2440 albi
650 2376 776 2440 hominis
789 2390 818 2442 et
829 2379 906 2465 nigri
918 2381 995 2466 eqni,
1012 2393 1047 2444 ut
1062 2403 1160 2446 rerum

153 2489 334 2576 singularum
357 2485 483 2568 (τωνδὶ)
506 2511 569 2554 esse
592 2491 719 2576 possunt
741 2487 793 2570 (sc.
811 2488 842 2554 oi
864 2489 977 2574 λόγον)Ἰ
1000 2494 1161 2582 inquibus

153 2617 254 2690 aperta
278 2605 407 2669 materici
428 2643 463 2656 -
482 2606 617 2668 nimirum
646 2606 752 2670 caloris
772 2643 810 2692 --¹
827 2604 990 2674 differentia
1014 2623 1160 2676 cernatur.
1199 2615 1208 2626 ’

222 2715 321 2784 1071ἃ
348 2716 396 2783 18.
433 2713 564 2782 πάντων
593 2714 632 2804 dc}
667 2717 790 2803 πρῶτον
824 2716 924 2805 α’ρχαὶ
952 2717 988 2785 ad
1019 2722 1161 2810 ἐνεργείᾳ

154 2835 283 2917 πρῶτον
304 2831 388 2908 aedi,
420 2835 473 2894 nal
495 2827 578 2898 ἄλλο
602 2833 619 2898 ὃ
645 2833 788 2918 δυνάμου.
829 2832 935 2900 ἐκεῖνα
958 2841 1018 2920 μὲν
1040 2832 1100 2904 οὖν
1121 2833 1159 2902 cd

155 2942 306 3012 καθόλου
327 2943 387 3011 ode
410 2944 503 3012 ἔσαν.
537 2946 611 3013 Cum
627 2953 786 3027 sententia,
812 2971 887 3038 quac
903 2955 1047 3036 particula
1063 2954 1101 3018 ds
1116 2957 1162 3020 vel

153 3063 240 3126 simili
264 3062 388 3148 quedam
414 3063 483 3149 huic
506 3061 613 3128 scema
634 3065 694 3146 μὲν
710 3108 717 3125 .
732 3109 761 3126 ..
778 3087 816 3130 ex
839 3071 986 3134 contraria
1007 3083 1091 3155 parte
1107 3092 1162 3157 po·

153 3189 250 3252 natur,
274 3165 336 3240 non
358 3177 567 3265 subsequatur,
592 3191 741 3244 structura
765 3160 1026 3249 valdeclaudicat.
1072 3186 1162 3252 Prae·

154 3305 234 3356 terea
255 3313 316 3356 non
332 3291 429 3369 video,
456 3293 605 3380 quomodo
630 3294 721 3359 altera
744 3300 887 3363 sententia
907 3294 1039 3364 πάντων
1056 3295 1095 3385 da}

153 3427 191 3471 cx
220 3397 405 3493 praecedenti
437 3404 483 3470 ἔτι
504 3447 539 3460 -
559 3407 598 3472 nil
628 3411 762 3475 concludi
792 3416 902 3498 possit,
933 3427 967 3478 nt
996 3437 1070 3502 quac
1097 3419 1162 3502 ipsa

155 3521 350 3608 explicatione
385 3535 414 3586 et
446 3501 667 3589 confirmatione
701 3524 840 3614 indigeat.
891 3529 993 3615 ltaque
1028 3533 1164 3617 suspicor

154 3639 342 3722 transpositis
357 3641 510 3702 sententiis
526 3641 567 3703 sic
582 3640 737 3727 legendum
754 3631 830 3706 esse:
855 3641 959 3706 ἐκεῖνα
974 3647 1033 3728 μὲν
1048 3641 1107 3710 οὖν
1121 3641 1161 3710 cd

154 3745 304 3815 καθόλου
332 3744 391 3816 ode
420 3749 499 3829 ἔστι,
529 3750 661 3819 πόντιον
684 3755 721 3819 dd
748 3759 873 3840 πρῶται
894 3755 993 3841 ἀρχαὶ
1014 3755 1050 3825 τὸ
1074 3759 1163 3846 drap-
1215 3735 1224 3748 ‚

153 3867 226 3948 reip
248 3869 375 3950 πρῶτον
396 3867 483 3948 rodi,
508 3872 562 3932 acl
584 3864 669 3950 cillo
693 3870 711 3936 δ
735 3870 879 3956 δυνάμει.
