2784 4606
222 505 411 570 concretione
434 515 486 568 sut
509 506 538 568 in
562 505 816 590 conglutinatione
839 517 946 568 natura
968 524 1068 569 earum
1087 518 1235 582 cernatur,

223 619 343 698 dividit,
368 633 403 685 ut
425 620 560 707 exempla
583 620 671 684 allate
695 620 787 684 multu
811 622 904 706 magis
926 619 1122 698 contrabium,
1147 643 1236 708 quam

223 735 304 822 quod
327 738 357 798 in
380 739 580 822 prioreparte
596 737 784 823 propositum
801 737 841 800 sit
856 738 1003 802 evincant.
1029 735 1126 801 llulto
1143 740 1236 824 magis

222 873 256 916 ea
281 852 414 937 exemplu
438 851 585 916 allcrenda
609 849 745 926 luerunt,
767 871 894 936 quorum
917 864 1022 916 natura
1048 851 1094 916 vel
1117 853 1146 913 in
1169 851 1236 936 plu-

182 1002 184 1010 ‚
222 966 306 1030 ribus
322 968 368 1031 vcl
385 969 415 1030 in
432 967 570 1032 omnibus
587 965 758 1030 differentiis
772 977 933 1052 spectetur.
969 968 1017 1030 An
1034 968 1100 1052 quis
1116 987 1234 1029 menum

222 1081 365 1168 pedemve
388 1082 479 1147 clavis
503 1082 672 1167 colligatum
696 1081 742 1144 vel
758 1103 797 1144 ex
812 1081 927 1168 liquore
941 1080 1155 1146 condensatum
1171 1100 1236 1145 esso

221 1197 328 1282 putet?
368 1196 430 1260 Sed
453 1208 594 1283 corrupta
619 1217 682 1260 esse
706 1198 800 1279 prime
823 1197 1038 1260 enuntiationis
1060 1195 1153 1260 verba
1174 1195 1236 1259 eln-

156 1296 160 1306 ’
223 1322 270 1375 cet
292 1331 328 1374 ex
346 1310 432 1374 Alex.
451 1311 678 1374 commentario:
707 1314 762 1372 ταὶ
784 1301 897 1384 ἅπλῶς
919 1310 999 1373 πᾶσι
1021 1309 1144 1382 τούτοις
1167 1305 1236 1391 ὁρι-

224 1425 380 1508 σθήσεται
401 1420 438 1488 nd
462 1426 555 1488 εἶναι.
601 1424 709 1489 Verbis
733 1426 838 1509 igitur,
865 1447 903 1490 ex
926 1447 955 1488 v.
973 1423 1016 1488 24
1039 1424 1233 1510 interpolatis,

224 1541 333 1624 ejectis,
359 1542 443 1625 optio
468 1539 565 1615 datur,
591 1561 627 1602 an
651 1535 764 1611 ἅπλῶς
788 1537 824 1602 δὲ
847 1534 883 1602 cd
908 1539 992 1602 elnon
1013 1542 1093 1602 πᾶσι
1113 1537 1236 1610 τούτοις

224 1651 446 1738 ὁρισθήσεται,
476 1643 513 1718 aln
536 1656 591 1718 acal
612 1652 692 1716 πᾶσι
716 1652 839 1726 τούτοις
862 1650 1071 1738 ὁρισθήσεται
1093 1648 1129 1715 τὰ
1154 1653 1237 1716 εἶναι

223 1770 316 1833 malis.
356 1771 456 1855 Atque
478 1771 606 1855 priorem
631 1769 785 1868 lectionem
808 1769 1025 1832 concinniorem
1041 1780 1131 1854 atque
1147 1788 1236 1853 expc-

225 1884 361 1948 ditiorem
392 1904 480 1970 quam
511 1905 585 1970 quae
614 1883 773 1946 dilacerari
795 1885 928 1968 potuerit
956 1904 1018 1947 csse
1047 1881 1235 1959 crediderim3

226 2000 315 2064 altera
345 2019 415 2062 vero
445 2000 473 2060 in
500 1998 626 2062 lectione
649 1997 754 2062 bilaria
778 2001 959 2062 constructio
984 1999 1099 2062 institui
1122 1995 1235 2084 potest':

111 2111 116 2120 ’
226 2127 278 2180 aut
300 2115 375 2178 enim
399 2113 480 2176 πᾶσι
503 2126 532 2177 et
554 2111 677 2187 τούτοις
700 2112 821 2178 divellas
846 2127 875 2178 et
897 2113 953 2178 sub
967 2113 1056 2177 «πᾶσι
1072 2135 1170 2177 omncs
1187 2133 1236 2176 res

225 2226 431 2302 subsericam
459 2227 637 2294 differentias
667 2242 802 2294 naturam
831 2250 930 2294 rerum
957 2233 1169 2294 constituentes
1192 2229 1237 2292 in-

225 2346 349 2430 telligas¹¹
375 2356 427 2410 eut
450 2345 615 2427 conjunctis
638 2343 737 2407 verbis
760 2346 840 2406 πᾶσι
862 2344 985 2418 τούτοις
1008 2367 1109 2408 omncs
1128 2365 1174 2410 res
1190 2343 1236 2407 vel

227 2480 318 2546 supra
342 2458 444 2523 allatas
466 2458 513 2522 vel
536 2457 594 2522 boc
617 2457 655 2522 ad
678 2479 772 2545 genus
795 2461 975 2544 pertinentes
999 2459 1147 2546 designari
1171 2481 1238 2524 cen·

227 2597 300 2639 scas.
332 2573 392 2637 Sed
417 2586 573 2660 antequam
591 2573 627 2637 de
649 2575 705 2637 hac
727 2596 758 2636 re
777 2574 954 2657 judicemus,
975 2574 1136 2651 videamus,
1162 2595 1237 2660 quo·

226 2687 316 2753 modo
339 2687 431 2752 verba
448 2690 600 2776 sequentia
617 2688 790 2773 explicanda
807 2691 874 2753 sint.
908 2693 1006 2776 Atque
1023 2702 1156 2754 naturam
1172 2691 1237 2775 qui·

228 2803 292 2869 dem
308 2805 412 2867 barum
428 2826 525 2868 rerum
542 2800 675 2884 (τούτων
690 2804 824 2864 ἕκαστον
839 2817 851 2848 ³
864 2785 898 2884 A)
915 2803 1087 2868 differentiis
1102 2804 1151 2869 hic
1167 2825 1238 2868 enu-

228 2920 346 2985 meratis
365 2918 489 2994 definiri,
513 2939 567 2981 nec
590 2929 687 2980 tamen
712 2917 891 2981 differentias
915 2941 969 2984 nec
991 2922 1071 3004 ipsas
1094 2940 1147 2982 nce
1170 2939 1236 2982 cum

227 3035 348 3096 materie
377 3033 475 3119 aliqua
504 3035 677 3118 conjunctas
700 3028 979 3116 (conducticiorum)
1006 3033 1238 3098 substantiarum

227 3160 363 3212 naturam
388 3148 497 3212 babere
522 3147 598 3212 inlra
621 3147 745 3234 legimus
769 3144 902 3228 (1-4).
943 3148 1142 3214 Nihilominus
1169 3171 1238 3212 ana·-

133 3287 139 3300 ·
227 3263 336 3348 logiam
361 3261 508 3348 quandam
533 3263 579 3326 his
602 3262 691 3327 rebus
716 3286 781 3327 cum
798 3262 971 3327 substantiis
988 3263 1168 3326 intercedere
1184 3265 1235 3328 Ar.

227 3378 284 3441 bac
311 3379 427 3441 rationo
447 3360 647 3464 'comprobata
684 3381 738 3440 acal
764 3371 808 3450 nic
830 3375 866 3456 dv
888 3385 958 3452 ταῖς
981 3372 1104 3452 οὐσίαις
1125 3374 1161 3441 cd
1184 3381 1238 3462 τῆς

227 3489 305 3576 nilne
327 3491 605 3576 κατηγορούμενον
620 3487 699 3576 αὐτὴ
715 3489 733 3576 ἢ
752 3490 904 3576 ἐνέργεια,
927 3496 982 3556 καὶ
996 3490 1033 3556 ἓν
1044 3503 1110 3566 τοῖς
1126 3487 1239 3565 ἄλλοις

228 3603 370 3691 ὁρισμοῖς
396 3605 544 3688 μάλιστα.
583 3607 665 3672 Unde
690 3607 780 3672 verbe
810 3606 846 3672 ἐν
861 3617 939 3685 ιτοῖς
962 3605 1073 3682 ἄλλοις
1095 3599 1239 3694 ὁρισμοῖς

230 3722 266 3786 de
295 3720 515 3786 definitionibus
544 3723 647 3786 harum
677 3725 807 3808 ipsarum
836 3745 933 3787 rerum
970 3715 1104 3798 (ούδός,
1143 3723 1238 3799 οἶτος,

228 3818 449 3920 κρύσταλλον),
474 3859 550 3924 quae
573 3841 658 3902 meris
680 3837 854 3902 substantiis
878 3834 927 3918 (dv
941 3847 1011 3912 autc
1026 3832 1161 3922 οὐσίαις)
1185 3859 1238 3923 op·
