2782 4612
577 321 736 468 A*

150 552 311 616 arctissime
333 549 521 614 cohaerentia
546 547 690 614 violenter
713 545 828 614 divulsa
853 561 937 625 suot,
967 561 1001 614 ut
1024 548 1082 614 hoo
1104 571 1160 636 po-

150 669 294 731 tissimum
317 665 384 730 loeo
409 665 587 752 hypothesin
611 677 742 731 nostram
767 663 803 728 de
825 667 904 730 notis
925 666 1022 751 primo
1039 667 1067 730 in
1083 685 1159 730 mar·

133 785 217 872 'gine
246 781 402 867 adscriptis
432 778 538 846 deinde
565 779 761 846 incommode*
780 783 809 844 in
838 791 952 847 textum
975 779 1073 845 inlatis
1096 759 1160 846 inu-

149 898 213 964 nire
236 917 270 962 ao
286 895 457 966 confirmare
473 917 622 962 tenemur.
658 895 847 982 Quantopere
864 908 959 960 autem
976 896 1047 960 haee
1064 898 1159 982 erpita

150 1011 307 1078 dilacerata
330 1013 404 1087 sint,
432 1033 511 1076 nune
533 1011 715 1100 singularum
739 1013 867 1096 partium
890 1011 1065 1098 testimoniis
1088 1031 1158 1096 pro·

149 1127 239 1194 babo.
268 1127 368 1214 Atque
391 1128 517 1212 primum
540 1147 578 1192 ex
592 1139 697 1190 natura
714 1128 885 1191 mutationis
902 1127 1159 1212 materiem'quan·

150 1243 217 1310 dam
241 1213 326 1306 omni
348 1243 506 1306 mutationi
528 1241 649 1308 subesse
673 1240 779 1306 debere
802 1241 855 1308 Ar.
878 1239 966 1306 doeet
988 1239 1022 1306 9¹¹
1031 1239 1058 1308 :3
1071 1279 1105 1292 -
1118 1239 1158 1308 15

118 1383 121 1431 g
150 1357 258 1443 ἄμφω.
281 1357 408 1424 Primam
424 1357 499 1424 hane
514 1369 627 1443 partem
644 1358 754 1442 optime
767 1358 938 1442 exciperent
948 1355 1040 1422 verba
1053 1355 1159 1423 πάντα

151 1465 184 1536 δ’
204 1451 372 1557 ὄληνόχετ
394 1468 456 1534 ὅσοι
478 1469 686 1554 μεταβάλλει,
717 1470 824 1557 quihus
848 1463 991 1558 generalis
1014 1475 1158 1538 sententia

150 1611 188 1654 ex
210 1589 334 1674 singulis
358 1587 499 1674 exemplis
515 1588 775 1652 demonstraretur.
809 1588 963 1678 interjecto
980 1599 1076 1652 autem
1091 1587 1174 1652 loeo·

149 1699 306 1785 (15-24)
330 1724 444 1767 omnem
469 1725 528 1768 rem
553 1725 591 1766 ex
615 1725 659 1778 eo,
685 1700 765 1789 quod
787 1687 988 1790 potentiasit,
1013 1704 1042 1767 in
1060 1714 1157 1768 aetum

149 1816 299 1892 transduci
324 1830 468 1882 monetur.
499 1817 598 1903 Atque
614 1817 690 1880 hano
706 1816 936 1902 disputationem
952 1819 1156 1903 interpositam

150 1954 213 1996 esse
237 1954 271 1996 eo
297 1935 412 2018 aegrius
436 1931 508 2008 iero,
534 1933 602 2018 quia
619 1931 723 1996 deinde
747 1927 788 2012 (v.
807 1928 849 2008 26
872 1923 1051 2016 άπορήσατε
1069 1928 1100 1995 δ’
1116 1931 1158 1996 ἄν

149 2069 195 2120 τις
217 2045 252 2112 to
274 2049 370 2111 moion
392 2042 434 2132 μὴ
459 2041 554 2121 ὄντος
576 2039 595 2130 ἤ
618 2043 750 2128 γένεσις)
775 2048 935 2133 quaeritur,
964 2067 1022 2134 qno
1047 2069 1085 2112 ex
1107 2070 1158 2134 ge-

148 2183 218 2230 nere
240 2165 298 2227 τοῦ
321 2157 414 2236 ὄντος
436 2181 482 2228 res
505 2173 672 2226 nascantur.
708 2159 783 2228 Nam
806 2141 865 2226 tam
890 2174 989 2248 aperte
1006 2162 1158 2248 prioribus

150 2277 247 2344 verbis
275 2299 322 2342 res
352 2275 386 2340 ἐκ
408 2270 452 2362 μοὶ
476 2271 570 2351 ὄντος
594 2274 729 2359 δυνάμει
760 2278 831 2342 oriri
854 2281 1079 2364 pronuntiatum
1103 2291 1156 2356 est,

149 2407 182 2460 ut
205 2415 264 2457 non
281 2393 412 2470 videam,
437 2414 496 2479 quo
520 2405 607 2479 paeto
631 2395 796 2479 posteriore
818 2394 883 2456 Ιοοο
908 2394 963 2458 hae
986 2396 1050 2481 ipsa
1074 2395 1110 2459 de
1126 2416 1158 2460 re

39 2577 43 2588 p
149 2511 250 2596 quaeri
266 2511 371 2594 possit.
395 2507 508 2572 Tribus
519 2507 624 2572 deinde
636 2510 834 2593 generationis
847 2511 999 2594 principiis
1012 2509 1157 2576 distinctis

148 2625 200 2690 Ar.
217 2627 328 2710 pergit:
352 2620 433 2706 μετὰ
454 2621 556 2690 ταῦτα
576 2620 625 2686 ὄτι
641 2620 755 2706 ἑκάστη
771 2620 805 2686 ἐκ
821 2617 1003 2705 σονονόμοο
1016 2626 1157 2703 γίγνεται

108 2791 113 2794 -
149 2734 242 2806 odota
266 2733 334 2817 (70Ι
353 2735 395 2819 5).
430 2737 492 2802 Sed
513 2759 588 2825 qnae
610 2742 925 2824 proximosequnntur
947 2738 1158 2807 adhererem

148 2853 375 2920 confirmandam
404 2875 441 2919 ne
470 2853 561 2918 hilum
586 2853 703 2939 quidam
726 2852 852 2930 iaciunt,
875 2855 972 2918 [immo
996 2877 1067 2945 vero
1091 2843 1157 2919 senss

148 2971 253 3034 tentias
278 2981 410 3036 extremo
435 2967 550 3034 demum
574 2970 605 3031 in
629 2971 724 3054 eapite
747 2972 860 3054 positas
876 2992 904 3034 v.
922 2969 965 3036 28
981 2967 1158 3053 ἅνθρωπος

152 3121 188 3140 .-
213 3081 297 3148 emto
320 3083 363 3151 30
392 3084 635 3149 demonstrationi
663 3085 753 3168 hujus
782 3086 823 3149 rei
850 3087 992 3150 inservire
1014 3089 1158 3152 neminem

147 3200 237 3263 latere
267 3211 375 3285 potest.
423 3197 581 3282 Quomodo
606 3211 703 3263 antem
727 3199 778 3263 Ar.
803 3211 918 3263 tantum
942 3199 1079 3265 aberrare
1102 3223 1158 3288 po-

147 3316 247 3392 tuerit,
261 3317 311 3378 'ita
334 3313 405 3378 mihi
428 3314 559 3400 explico:
582 3316 677 3380 omnis
701 3314 931 3380 substantiarum
947 3320 1062 3402 generis
1077 3339 1158 3382 rnen·

145 3432 227 3495 tione
249 3427 327 3493 faeta
349 3425 391 3506 (v.
406 3427 425 3492 5
443 3424 555 3514 ἑκάστη
571 3425 679 3509 οὐσία)
695 3430 747 3495 Ar.
764 3433 948 3494 occasionem
965 3434 1099 3518 arripuit,
1124 3445 1158 3498 nt
1186 3454 1189 3460 ·

146 3542 327 3609 substautias
351 3556 456 3607 natura
479 3556 648 3633 procreatas
666 3557 693 3608 et
710 3557 771 3608 arte
788 3545 935 3609 confectas
953 3544 1155 3633 distingueret,

147 3681 206 3748 quo
230 3661 260 3724 in
285 3658 451 3723 discrimine
474 3657 654 3724 enucleando
671 3660 722 3722 Ar.
749 3660 786 3725 ab
811 3649 921 3726 aliare
945 3663 975 3725 in
998 3663 1083 3726 aliam
1106 3663 1157 3728 de-

145 3776 222 3842 latus
253 3787 306 3840 est.
353 3772 413 3840 Sed
442 3777 546 3840 mirum
569 3777 604 3839 ‘in
637 3774 755 3840 modum
779 3778 844 3862 ipsa
867 3778 1041 3863 interposita
1064 3778 1156 3844 verba

145 3911 250 3958 rursus
274 3888 396 3975 disjecta
423 3903 501 3954 sunt.
548 3889 622 3958 Nam
646 3890 737 3958 verba
759 3886 829 3957 οἷον
850 3891 915 3976 πῦρ
933 3929 972 3942 -
989 3891 1156 3962 τελευταία
