2782 4612
583 339 742 438 *1-θὶ-
812 388 820 396 .

157 525 295 592 solcbant
316 519 368 607 (N.
383 543 408 589 e.
424 521 458 606 l).
503 519 617 606 Quodsi
639 520 691 586 Ar.
716 518 857 586 radicitus
881 519 929 586 ille
952 517 1061 606 placita
1083 535 1165 582 ever·

157 655 222 708 tere
242 640 352 716 voluit,
383 639 533 727 copiosius
562 636 713 704 enucleare
742 633 860 712 debuit,
892 655 966 722 quae
994 635 1033 696 sit
1059 645 1166 697 natura

158 758 274 826 iliarum
298 756 510 824 contrariarum
533 755 704 829 notionum,
729 764 758 816 et
779 772 850 815 num
866 752 986 816 omniuo
1002 749 1167 815 contrariae

159 875 229 941 stae.
274 872 329 940 llis
355 870 492 935 omnibus
517 867 665 934 derebus
689 868 809 955 copiose
832 878 862 930 et
883 865 1032 934 subtiliter
1054 866 1115 951 egit
1136 866 1167 927 in

158 978 237 1058 libro
251 987 273 1056 Ι.
311 986 454 1054 Universa
478 984 603 1072 donique
627 983 763 1047 doctriua
785 981 916 1046 idearum
940 981 978 1045 ab
1000 981 1167 1068 integritate

158 1123 252 1192 purae
285 1101 396 1167 lormae
426 1123 442 1164 a
472 1102 591 1165 materie
620 1101 769 1194 sejunctae
796 1117 941 1186 suspensa
968 1107 1040 1161 erat.
1091 1095 1168 1160 Huic

160 1219 312 1284 doctrinae
340 1216 563 1296 fundamentum
592 1215 742 1292 subtrahi,
774 1213 934 1280 du'rnmodo
957 1215 1021 1276 reri
1047 1231 1169 1296 gencra-

159 1335 250 1400 tionis
273 1353 430 1421 processus
453 1334 529 1396 ratio
554 1330 721 1409 baberetur,
746 1329 808 1402 Aa,
821 1333 864 1392 A.
880 1351 903 1394 o.
920 1329 955 1393 ΙΙΙ
978 1326 1167 1392 iudicaverat.

160 1447 222 1519 Sed
245 1461 280 1514 ut
300 1452 342 1514 rei
357 1447 483 1534 ponderi
504 1446 668 1523 satisfieret,
693 1447 756 1523 An,
782 1448 911 1533 quaesit
927 1446 1046 1508 omuino
1062 1454 1169 1507 natura

162 1565 358 1640 substantiae,
383 1563 435 1652 ubi
457 1574 616 1649 spectetur,
642 1581 700 1648 qua
724 1581 762 1636 ex
785 1574 869 1648 parte
885 1563 1011 1625 existere
1027 1557 1084 1623 dici
1100 1579 1170 1644 pos·

162 1684 210 1757 sit,
232 1680 411 1745 enucleatius
429 1678 599 1764 explanavit
613 1677 696 1742 libris
708 1671 833 1758 Z.H.¹).
862 1676 927 1742 Jam
943 1677 967 1740 si
984 1676 1039 1739 bac
1055 1675 1169 1738 ratione

161 1796 214 1861 Ar.
239 1817 256 1859 a
278 1794 367 1862 rebus
389 1795 462 1881 ipsis
486 1792 524 1857 ad
546 1792 736 1858 fundamenta
759 1815 831 1857 snae
855 1793 1005 1858 doctrinae
1026 1788 1169 1854 firmanda

162 1911 337 2002 propulsum
376 1907 465 1974 luisse
502 1908 697 1994 probabiliter
731 1908 834 1987 docui,
874 1907 1008 1975 facillime
1043 1905 1170 1992 abrupta

220 2128 240 2196 ¹)
258 2128 312 2182 Hac
330 2129 357 2180 in
374 2127 493 2182 uberiore
506 2125 678 2197 disputatione
689 2125 748 2180 libri
760 2136 792 2180 Ζ.
807 2126 969 2198 quaestiones
983 2133 1079 2180 sentam
1093 2127 1171 2200 septi·

161 2231 280 2298 suamquc
297 2225 356 2295 libri
368 2233 398 2279 Β.
418 2223 482 2279 998·
492 2222 635 2278 20-999·
646 2223 680 2280 24
699 2226 779 2296 magis
798 2223 922 2278 illustrari
935 2226 1082 2296 neutiquam
1095 2205 1170 2298 nego.

161 2326 200 2380 Ac
211 2325 318 2394 primum
336 2324 511 2392 quaestionem
527 2330 623 2375 sextam
638 2338 764 2391 nusquam
781 2321 874 2374 diserte
888 2323 1034 2391 pertractari
1053 2323 1103 2394 ipsi
1118 2323 1171 2376 tto-

162 2421 257 2475 nitziua
277 2417 331 2485 (ΙΙ,
350 2437 374 2489 p.
393 2413 459 2485 151)
479 2425 504 2472 et
523 2413 700 2488 Schwe‘glcrus
720 2417 784 2483 (ΙΙΙ,
804 2415 866 2486 128)
888 2417 1042 2484 concedunt;
1067 2421 1172 2490 septima

163 2526 247 2572 autem
270 2533 301 2570 ne
324 2517 350 2567 iu
368 2515 434 2567 libro
448 2523 479 2568 Ζ.
501 2513 603 2585 quidem
622 2515 770 2567 nominatim
788 2515 936 2584 respicitur,
960 2518 1096 2569 itaiamcn
1116 2533 1171 2570 cuna

162 2621 218 2668 tota
236 2615 350 2668 doctrina
367 2612 482 2666 idearum
501 2612 626 2676 cohaeret,
645 2620 675 2664 ut
693 2611 738 2664 bac
757 2626 846 2667 eversa
863 2615 918 2683 ipsa
937 2613 1059 2666 concidat.
1086 2615 1172 2684 Atque

162 2713 217 2777 Am,
235 2705 372 2766 Platonicis
391 2709 490 2780 placitis
508 2711 534 2762 in
546 2709 620 2764 libris
631 2715 708 2764 Μ.Ν.
725 2709 851 2775 refutatis,
870 2711 916 2764 has
932 2711 1104 2766 dubitationes
1118 2712 1173 2780 jem

164 2811 227 2864 satis
250 2807 360 2862 solvisse
383 2809 466 2878 primo
489 2807 538 2860 sibi
562 2809 645 2862 visum
669 2824 739 2872 esse,
770 2824 798 2860 eo
822 2809 903 2880 magia
927 2807 1057 2877 probabile
1080 2809 1122 2874 fit,
1150 2812 1172 2864 si

164 2907 266 2960 brevem
288 2905 443 2960 solutionem
464 2903 641 2975 plerarumque
662 2887 840 2975 quaestionum
858 2906 885 2957 in
902 2907 1050 2958 memoriam
1068 2924 1174 2960 revoca-

163 3003 284 3056 verimus.
313 3001 411 3066 Quodsi
430 3019 479 3067 res,
500 3019 564 3074 quae
583 3001 614 3055 ad
633 3002 678 3055 has
699 3002 862 3072 quaestiones
882 3011 1003 3072 spectant,
1022 3005 1048 3056 in
1062 3002 1126 3058 libro
1140 3013 1172 3058 Ζ.
1233 3051 1241 3062 .

97 3158 101 3164 ,
164 3101 245 3172 magis
268 3101 294 3152 in
317 3097 400 3152 lucem
422 3097 559 3152 trahuntur
577 3107 653 3169 atque
679 3098 741 3151 adeo
762 3101 903 3152 accuratius
922 3101 1099 3166 excutiuntur,
1124 3099 1173 3156 hoc

164 3199 311 3268 neutiquam
328 3213 383 3250 curn
396 3199 533 3277 sententia,
554 3210 629 3267 quarn
641 3198 696 3266 ipse
710 3195 742 3250 de
754 3196 794 3249 hie
806 3196 878 3249 libris
892 3195 953 3262 tuli,
973 3205 1077 3270 pugnat,
1095 3200 1173 3254 immo

164 3312 226 3351 vcro
251 3295 345 3367 optimc
370 3295 487 3348 concinit.
524 3294 595 3348 Idem
619 3292 686 3348 cadit
708 3297 735 3348 iu
757 3295 932 3366 quaeatiouem
950 3296 1108 3352 undecimam
1127 3296 1173 3365 (Β.

164 3391 396 3462 liert-¹³25),
416 3409 492 3465 quae,
516 3394 563 3446 etsi
582 3394 609 3446 iu
626 3392 685 3446 libri
699 3401 715 3448 1
730 3411 750 3448 c.
763 3392 788 3448 11
808 3394 956 3448 nominatim
976 3402 1052 3464 atque
1071 3397 1174 3466 copiosa

164 3499 297 3558 tractatur,
322 3507 374 3544 non
399 3491 484 3544 minus
507 3498 592 3544 tamen
616 3497 699 3560 aperte
717 3490 743 3542 in
763 3496 795 3542 N.
816 3491 862 3544 c.1
880 3493 1021 3561 respicitur.
1053 3469 1175 3566 Hacigi-

164 3597 207 3644 tur
230 3590 261 3642 de
285 3596 355 3659 parte
376 3605 432 3670 mea
454 3590 591 3652 sententia,
614 3589 720 3658 primam
743 3589 929 3642 institutionem
951 3588 1024 3642 libris
1042 3595 1098 3642 Ac.
1113 3589 1137 3660 l,
1148 3590 1174 3644 11

165 3691 386 3741 B.1'.A.M.N.A.
404 3687 449 3741 Ar.
469 3683 620 3751 absolvisse,
640 3686 718 3740 everti
736 3688 833 3757 nequit.
859 3686 978 3752 Accedit,
999 3686 1069 3760 quod
1086 3688 1130 3741 isti
1148 3689 1175 3741 in

166 3781 359 3838 difficultatibus
378 3781 519 3854 aperiendis
533 3785 726 3854 acquieveruut;
746 3781 791 3838 scd
804 3783 950 3856 explicanda
964 3793 1003 3840 est
1014 3785 1105 3852 forma,
1125 3803 1175 3858 qus

166 3881 271 3954 quidem
287 3879 347 3936 libri
364 3880 530 3954 metaphyaiei
548 3879 624 3938 uobis
642 3881 729 3938 trediti
747 3889 815 3938 suut
