2784 4606
690 345 732 408 lt

629 435 788 444 n———-——

208 529 283 592 enlm
307 525 376 590 bule
399 525 454 590 soli
477 535 650 609 argumento
668 545 712 588 me
727 545 787 589 nen
804 523 951 592 confidere
967 529 1093 611 ingenue
1109 521 1214 603 lateor,

208 639 330 730 singulis
346 654 442 705 autem
459 643 487 706 in
504 641 576 705 locis
593 640 807 726 pertractandis
823 641 908 727 plura
925 655 1095 726 argumenta
1110 641 1216 706 addere

209 758 320 845 cogito,
344 756 423 822 unde
446 755 632 844 probabilior
648 768 724 820 certe
744 756 820 822 'baec
843 757 988 822 sententia
1005 755 1119 821 evadat.
1155 756 1215 822 Sed

209 893 274 938 cum
298 873 343 937 bis
367 871 551 938 excutiendis
574 873 621 935 hic
646 871 770 937 idoneus
794 871 876 937 locus
900 893 959 936 neu
983 893 1046 936 esse
1070 871 1213 948 videatur,

208 1009 279 1056 mox
303 988 341 1053 ad
365 989 440 1052 banc
462 1009 522 1052 rem
546 1007 704 1052 recurram.
1082 997 1083 1000 ’

173 1151 178 1159 -
273 1105 359 1170 Nunc
383 1103 421 1168 ad
445 1105 633 1190 quaestiones
656 1101 692 1166 de
716 1103 892 1167 auctoritate
915 1102 981 1170 cod.
999 1101 1040 1166 Ah
1062 1116 1091 1166 et
1114 1102 1150 1167 de
1170 1123 1218 1168 ra·

207 1223 288 1287 tione
303 1219 456 1285 codicibus
472 1239 537 1283 cum
555 1217 706 1282 veteribus
721 1218 1002 1284 commentatoribus
1021 1217 1218 1284 intercedente

208 1337 371 1402 redeamus.

275 1451 374 1539 Atque
397 1451 524 1536 primum
540 1449 569 1512 in
586 1451 770 1526 universum,
796 1469 853 1536 qua
870 1450 1087 1515 necessitudine
1102 1449 1217 1515 codices

209 1587 309 1634 omnes
333 1579 362 1630 ct
378 1576 491 1630 veteres
515 1577 767 1640 commentatores,
793 1565 963 1630 Alexander
979 1569 1122 1654 inprimis,
1148 1584 1219 1629 con·

203 1685 299 1769 juncti
323 1683 391 1758 sint,
417 1681 613 1767 exploremus.
649 1681 735 1744 Prius
759 1692 856 1745 tamen
872 1701 965 1766 pauca
985 1681 1113 1766 preclari
1130 1679 1217 1745 nobis

208 1799 308 1872 liceat,
337 1817 395 1883 qua
418 1798 533 1860 ratione
557 1794 705 1860 veteribus
730 1794 1011 1859 commentatoribus
1034 1795 1217 1882 adjuvemur,

208 1925 316 1978 utnon
333 1911 422 1974 modo
439 1910 474 1974 de
491 1914 669 1996 praestantia
686 1911 867 1996 singularum
887 1909 1047 1976 lectionum
1062 1911 1114 1976 sed
1131 1913 1218 1976 etiam

209 2027 245 2093 de
269 2025 563 2092 universa-codicum
587 2025 685 2090 indole
708 2027 817 2089 rectius
836 2026 1013 2110 judicemus.

277 2141 352 2208 Cum
381 2135 556 2207 enim‘inter
579 2142 808 2206 vetustissimum
834 2155 862 2207 et
886 2141 1105 2207 celeberrimum
1129 2143 1220 2205 inter-

147 2315 151 2324 .
209 2272 319 2346 pretem
349 2258 551 2323 Alexandrum
579 2255 842 2343 Aphrodisiensem
872 2270 900 2321 et
932 2259 1111 2342 posteriores
1140 2256 1220 2320 Tbe-

210 2378 336 2439 mistium
360 2374 529 2459 Asclepium
554 2371 771 2460 Syrianumque
799 2374 926 2459 spatium
957 2375 1044 2435 trium
1075 2373 1133 2437 lere
1157 2393 1221 2436 sae·

210 2491 342 2554 culorum
359 2488 542 2572 interjectum
559 2489 606 2563 sit,
624 2491 653 2551 in
670 2491 705 2552 iis
721 2489 803 2566 loeis,
821 2489 871 2553 uhi
891 2488 972 2576 quid,
993 2489 1030 2554 ab
1047 2487 1219 2553 Alexandro

211 2608 366 2681 omissum,
392 2625 409 2667 a
432 2604 647 2669 recentioribus
672 2605 814 2668 orationis
839 2602 1002 2668 fulciendae
1026 2625 1114 2668 causa
1138 2601 1220 2666 addi·

209 2733 348 2798 tumeat,
374 2731 426 2786 aut
442 2719 542 2796 verba,
568 2719 606 2784 ab
631 2719 679 2783 illo
704 2720 849 2806 implicate
872 2722 970 2796 citata,
996 2719 1032 2783 ab
1056 2717 1103 2781 bis
1124 2721 1153 2780 in
1171 2739 1220 2782 so-

210 2838 378 2901 lemniorem
403 2833 519 2899 dicendi
542 2835 685 2898 rationem
709 2855 851 2898 conversa
875 2847 959 2910 sunt,
984 2833 1221 2919 interpolationis

160 3023 164 3032 ,
210 2955 340 3039 suspicio
364 2951 462 3038 aliquo
488 2971 547 3013 non
572 2949 639 3012 dieo
663 2961 743 3013 certo
768 2961 797 3013 at
824 2949 971 3036 probabili
996 2961 1092 3012 tamen
1117 2945 1222 3012 lunda·

210 3080 308 3132 mento
336 3069 450 3130 nititur.
496 3065 544 3130 Ex
572 3066 719 3128 contraria
748 3077 846 3151 parte,
875 3068 900 3128 si
928 3085 1003 3152 quae
1025 3063 1118 3130 verba
1143 3063 1221 3150 apud

210 3182 413 3248 Alexandrum
436 3194 514 3245 tersa
538 3179 705 3266 nitidaque,
730 3180 809 3267 apud
832 3183 1012 3268 posteriores
1037 3179 1163 3244 obscura
1188 3199 1222 3242 ae

209 3298 352 3386 perplexa
374 3295 548 3371 laudantur,
574 3299 687 3360 animus
711 3299 740 3358 in
765 3296 1001 3381 interpolationis
1024 3297 1221 3381 suspicionem

210 3434 376 3500 propensus
400 3411 509 3474 retrahi
534 3410 631 3476 debet.
666 3409 745 3476 Haeo
770 3413 861 3499 igitur
880 3433 926 3475 res
950 3413 978 3474 in
1003 3411 1126 3498 singulis
1148 3409 1221 3476 loeis

211 3531 349 3621 acerrime
373 3525 550 3591 attendenda
575 3539 632 3602 est;
658 3527 696 3591 ad
720 3525 854 3592 codicum
879 3539 975 3591 autem
993 3525 1119 3590 indolem
1137 3529 1223 3590 aesti-

212 3644 346 3710 mandam
370 3655 483 3730 spectat
499 3642 571 3708 haee
592 3644 691 3708 altera.
726 3643 790 3708 lam
809 3641 976 3708 Alexander
998 3643 1119 3730 ejusque
1143 3654 1223 3707 ante·

212 3779 342 3824 cessores
371 3759 549 3843 conjecturis
577 3761 738 3845 ingeniosis
766 3759 930 3846 plerisque,
961 3758 1097 3824 omnibus
1125 3771 1222 3824 autem

211 3897 324 3940 summa
346 3897 411 3940 oum
432 3876 571 3940 cautione
593 3875 809 3961 timiditateque
825 3873 950 3960 quadarn
970 3874 1092 3961 prolatis
1109 3885 1222 3939 textum
