2784 4606
719 347 740 408 4

651 431 811 443 ———

225 517 427 607 exemplorum
457 519 587 586 nubibus
611 520 686 586 hanc
710 543 771 586 rem
795 522 990 610 comprobare
1014 535 1043 588 ct
1065 523 1183 610 longios
1205 536 1235 588 et

222 657 327 724 parum
357 650 457 724 aptum
488 637 557 702 mihi
582 659 644 704 esso
669 637 833 704 videbatur.
880 639 982 726 ltaque
1004 641 1101 726 capita
1126 638 1234 704 discre-

223 754 341 838 pantiae
364 753 413 816 hic
435 773 602 839 proponere
625 755 696 817 satis
720 752 826 818 habeo.
856 755 958 842 Atque
973 755 1152 821 levissimum
1168 758 1234 842 qui·

223 867 288 932 dcm
311 866 466 932 discrimen
489 871 519 932 in
544 889 578 932 eo
603 881 768 954 spectatur,
793 882 827 933 ut
851 869 950 934 cadem
975 871 1066 935 verba
1089 873 1119 934 in
1143 871 1233 934 alters

221 985 391 1048 recensione
415 983 532 1048 diverso
557 983 660 1048 ordine
684 1007 715 1048 se
738 986 889 1070 excipiant
911 981 1003 1065 (9899
1024 983 1044 1050 9
1068 985 1132 1049 τῶν
1149 1007 1234 1066 χρω-

221 1097 332 1180 μάτων
354 1097 476 1162 τούτων
498 1098 540 1162 Α9
560 1097 682 1162 τούτων
702 1097 767 1164 τῶν
788 1099 966 1182 χρωμάτων
986 1102 1048 1164 rell.
1065 1099 1131 1166 cod.
1149 1097 1234 1165 999·

223 1211 263 1278 17
293 1214 378 1278 εἶναι
407 1212 459 1276 δεῖ
481 1217 535 1305 κα)
562 1209 621 1298 τὴν
643 1213 751 1278 αἰτίαν
774 1214 815 1279 Α9
845 1214 896 1278 det
916 1237 943 1277 κ.
960 1239 987 1279 c.
1009 1239 1041 1278 α.
1064 1216 1148 1279 εἶναι
1170 1214 1232 1279 rell.

125 1313 127 1318 ¹
222 1328 308 1392 codd.
334 1349 362 1390 ac.
376 1351 403 1390 a.
419 1325 470 1410 9.),
494 1331 624 1415 gravius,
649 1331 674 1392 si
697 1329 780 1415 quod
795 1329 918 1395 verbum
943 1331 1026 1396 aliter
1042 1331 1171 1396 flectitur
1185 1330 1232 1395 vel

171 1495 174 1502 .
220 1463 344 1507 numero
374 1443 479 1528 plurali
508 1464 573 1507 cum
603 1445 745 1530 singulari
769 1445 814 1508 vel
842 1445 938 1532 gradu
961 1447 1143 1532 superlativo
1165 1465 1231 1508 cun

221 1561 422 1644 comparativo
440 1570 552 1622 mutato
570 1554 662 1638 (9909
680 1558 722 1623 tt
743 1557 870 1624 ἔσονται
885 1560 941 1637 Α9,
959 1557 1049 1624 ἔσται
1065 1561 1126 1627 rell.
1143 1558 1232 1624 codd.

220 1671 300 1738 9929
322 1672 341 1736 3
361 1673 514 1755 θάτερον,
539 1673 581 1738 Α9
600 1669 730 1760 θάτερα
746 1675 806 1739 rell.
824 1675 922 1750 codd,
940 1698 968 1738 κ.
980 1697 1006 1737 τ.
1019 1674 1077 1757 9.),
1102 1675 1231 1750 tertium,

140 1792 144 1806 '
220 1791 244 1852 si
275 1788 375 1852 cadom
403 1811 450 1852 res
474 1787 597 1852 diversis
622 1789 791 1852 nominibus
815 1791 991 1873 exprimitur
1015 1803 1067 1853 aut
1089 1789 1231 1853 articulus

221 1905 313 1968 aliave
335 1903 481 1988 particula
504 1905 567 1966 sinc
591 1924 698 2000 magno
723 1923 826 1966 sensus
844 1903 954 1967 inllcxu
972 1906 1119 1968 omittitur
1134 1898 1231 1982 (9989

220 2017 239 2081 2
262 2020 431 2102 συνέστηκε
448 2016 490 2081 Α9
510 2015 576 2081 duci
595 2018 661 2081 rell.¹
681 2017 767 2082 codd.
788 2015 887 2080 10139
910 2017 950 2081 12
972 2016 1073 2082 ἐνίοτε
1094 2039 1151 2084 ons.
1170 2016 1229 2090 Α9,

218 2157 246 2196 κ.
261 2155 287 2196 τ.
303 2130 360 2213 9.);
385 2146 510 2220 cognata
535 2134 661 2219 denique
684 2135 799 2197 ratione
822 2131 923 2197 cadem
946 2136 1090 2198 sententia
1106 2133 1231 2196 diversis

219 2250 377 2314 structuris
393 2249 559 2315 declaratur
571 2245 662 2328 (9929
681 2246 720 2310 tt
739 2241 995 2311 seducentem
1008 2246 1127 2333 degircll.
1141 2247 1228 2312 codd.

218 2359 297 2427 988·
315 2362 335 2429 9
358 2360 462 2448 μόνον
484 2367 632 2447 κέχρηται
654 2360 696 2425 Α9
711 2360 777 2424 ἐστὶ
799 2385 832 2445 μ.
850 2365 1040 2448 κεχρημένος
1063 2364 1123 2431 rell.
1141 2361 1228 2426 codd.

217 2501 245 2539 κ.
262 2499 288 2540 c.
305 2474 356 2557 9.).
374 2515 409 2530 -
437 2479 529 2564 Atqui
553 2478 692 2542 lectiones
716 2478 805 2562 hujus
829 2482 944 2564 generis
960 2479 1117 2564 pleraeque
1135 2499 1228 2564 aequa

217 2596 327 2658 virtute
351 2593 603 2667 commendantur,
628 2605 658 2656 ct
680 2595 703 2656 si
728 2613 787 2678 quo
812 2593 878 2656 loco
902 2593 988 2656 lectio
1013 2593 1078 2657 cod.
1098 2589 1140 2657 Α9
1161 2613 1229 2656 ore·
1297 2600 1299 2610 '

216 2703 326 2774 tionem
349 2709 517 2773 nitidiorem
541 2729 574 2771 ac
598 2710 749 2773 tersionem
774 2707 885 2783 reddit,
911 2708 1000 2772 altera
1026 2720 1121 2772 tamen
1141 2707 1228 2770 lectio

217 2847 277 2891 non
306 2826 356 2890 tali
387 2827 615 2888 inconcinnitate
644 2821 775 2898 laborat,
806 2835 840 2886 nt
869 2842 967 2887 ansam
992 2821 1228 2909 interpolationis

218 2941 333 3006 dedisse
359 2939 538 3004 aestimanda
555 2942 601 3002 sit.
639 2937 752 3019 Quodsi
769 2959 908 3008 numerus
924 2939 1027 3002 harum
1045 2937 1228 3000 diversarum

216 3059 374 3120 lectionum
404 3056 488 3121 exilis
519 3065 608 3130 essct,
641 3055 732 3116 errori
760 3054 924 3119 scribarum
949 3057 1038 3140 atqua
1061 3064 1226 3138 temporum

217 3171 331 3236 vicibus
356 3173 442 3258 culpa
466 3171 604 3256 imputari
628 3181 738 3254 posset.
778 3169 863 3234 Nunc
888 3173 1020 3232 intanta
1045 3166 1229 3232 abundantia·

215 3309 275 3352 non
300 3287 397 3363 video,
422 3285 573 3373 quomodo
598 3307 643 3350 rcs
666 3284 800 3370 expediri
824 3287 927 3369 possit,
955 3286 1010 3345 nisi
1033 3282 1071 3346 ad
1095 3282 1229 3346 diverses

216 3405 400 3468 recensiones
429 3403 649 3467 recurrerimus.
697 3399 756 3464 Sed
788 3400 859 3465 hacc
883 3397 1096 3483 discrepantiae
1119 3417 1227 3484 genera

215 3535 276 3583 non
300 3519 423 3583 multum
450 3517 564 3582 fructus
588 3517 625 3580 ad
648 3529 762 3580 textum
788 3513 999 3580 emendandum
1024 3511 1224 3598 suppeditant,

216 3656 269 3699 nec
293 3634 329 3698 dc
353 3647 458 3711 aetate,
484 3655 542 3720 qua
566 3653 700 3719 quaeque
724 3632 855 3694 recensio
873 3629 1004 3694 conlecta
1021 3630 1068 3704 sit,
1094 3648 1149 3690 nos
1165 3649 1226 3692 ccr-

214 3752 307 3814 tlores
330 3748 450 3814 iaciunt.
485 3749 581 3813 Multo
606 3748 725 3831 majoris
749 3757 845 3810 autem
867 3745 1005 3810 momenti
1021 3756 1224 3831 argumentum

215 3868 245 3929 in
269 3866 381 3930 lacunis
404 3867 574 3931 alterutrius
598 3863 776 3928 recensionis
803 3863 933 3948 positum
958 3873 1011 3925 est.
