2782 4612
593 303 752 438 Q

169 520 221 584 Ar.
247 520 335 584 menti
365 514 554 582 obversatum
585 538 646 580 csse
675 529 765 604 puto:
794 520 820 582 si
849 517 920 605 qnid
948 519 1109 583 seeundum
1132 541 1175 596 ea,

169 637 296 723 quaein
320 635 420 720 priore
444 635 538 718 eapite
562 635 769 718 exposuimus,
798 633 940 718 possibile
964 646 1023 710 est,
1049 656 1107 720 qua
1131 657 1177 700 se-

101 735 111 754 ’
169 753 285 838 quitur:
312 748 343 810 ai
363 744 396 812 δ’
412 744 479 811 iovi
501 769 531 810 τι
553 741 635 808 κατὰ
658 743 695 811 τὸ
717 747 893 832 εἰρημένον.
939 747 999 814 Sed
1023 749 1174 835 quomodo

167 865 351 953 praepositio
373 857 456 926 κατὰ
472 860 624 937 exciderit,
648 861 770 948 intelligi
788 866 900 949 nequit
934 863 1035 950 ltaque
1051 865 1177 930 lectione

168 979 237 1046 eod.
253 978 296 1043 Ab
313 978 436 1044 edoctus
459 975 632 1042 crediderim
650 977 745 1062 primo
761 978 814 1042 Ar.
831 981 996 1064 scripsisse:
1021 979 1052 1040 εἰ
1065 975 1097 1041 d’
1110 975 1177 1042 ἔστι

168 1090 203 1159 od
228 1095 394 1178 εἰρημένον
416 1089 453 1176 (ἰ.
472 1114 496 1156 e.
521 1095 546 1156 si
576 1104 686 1156 certum
710 1105 767 1169 est,
799 1092 880 1179 quod
903 1094 933 1156 in
957 1095 1057 1178 priore
1081 1097 1176 1180 capite

169 1207 199 1290 (⁸
215 1207 363 1290 24-29)
387 1208 556 1295 expositum
580 1204 645 1288 est),
670 1206 775 1271 deinde
795 1209 991 1294 negligentius
1007 1209 1176 1304 explicandi
1314 1267 1317 1284 ,

169 1346 257 1406 cansa
280 1323 443 1393 addidisse:
467 1315 503 1386 ed
528 1315 669 1389 comeo
690 1315 709 1408 ᾗ
731 1316 921 1391 ἀκολουθεῖ.
1057 1387 1061 1398 ,

233 1439 323 1505 Plnra
346 1435 478 1523 exempla
502 1435 610 1502 addere
633 1457 765 1522 posscm3
789 1435 851 1514 sed,
876 1440 901 1501 si
925 1459 984 1524 qna
1007 1440 1037 1500 in
1055 1459 1102 1514 re,
1128 1439 1176 1504 hic

168 1555 274 1620 modos
300 1555 393 1619 teneri
416 1552 518 1627 debet,
547 1573 584 1615 ne
606 1551 679 1616 locis
703 1555 799 1616 minus
823 1551 1030 1638 probabilibus
1052 1531 1095 1620 rei
1119 1555 1176 1640 ipsi

168 1690 336 1734 noceamus.
375 1668 530 1735 Praeterea
554 1669 584 1730 in
607 1687 639 1730 re
661 1669 836 1753 gravissima
860 1669 985 1752 juvenili
1008 1667 1109 1732 ardori
1132 1671 1176 1732 ni·

167 1787 222 1853 onis
251 1783 399 1872 confidere
427 1783 524 1857 nolui,
556 1781 618 1846 sed-
633 1780 748 1866 judicia
774 1784 906 1848 virorum
937 1783 1093 1851 doctorum
1124 1804 1176 1848 ex·

168 1913 300 1986 spectare
322 1898 399 1962 mihi·
415 1897 535 1982 placuit.
572 1895 632 1962 Sed
655 1900 680 1960 si
703 1901 849 1964 sententia
872 1919 935 1964 mea
958 1897 1113 1985 probatur,
1138 1920 1177 1963 ex

168 2016 273 2080 mutilo
301 2028 330 2080 et
360 2010 529 2100 imperfecto
560 2031 650 2098 opere
678 2033 784 2100 magna
814 2014 927 2081 utililas
954 2014 1042 2079 nobis
1072 2026 1176 2100 parata

168 2143 227 2209 est,
252 2107 486 2218 recognoscere
509 2129 673 2214 possimne,
698 2149 786 2215 qnam
808 2133 952 2196 rationem
967 2127 1021 2196 Ar.
1045 2129 1175 2194 inlibris

169 2241 381 2332 componendis
405 2256 434 2310 et
456 2241 643 2310 elaborandis
665 2244 772 2309 inierit.
892 2281 900 2298 κ
