2784 4606
666 349 824 444 L
897 375 907 390 .

239 524 339 598 οἰκίας
367 519 398 586 οἳ
427 521 519 587 λίθοι
540 521 601 586 slol
621 523 716 610 μέρος
739 523 878 588 καὶτῶν
902 517 1014 588 ἄλλων
1037 521 1132 588 ἄλλα.
1180 524 1248 610 Quo

237 653 326 728 paeto
350 643 425 704 enim
449 641 589 726 explicari
612 651 712 726 potest
734 638 899 706 frictionem
923 644 1067 728 eorporis,
1093 664 1109 704 a
1133 641 1248 706 medico

239 757 276 821 ad
299 755 485 824 excitandum
515 757 640 824 calorem
665 754 843 834 adhibitam,
874 756 973 822 eadem
997 759 1111 822 ratione
1133 770 1248 844 partem

238 876 371 939 sanitatis
400 873 456 938 diei
478 895 535 960 qua
557 872 679 958 lapides,
705 876 852 937 materiem
875 871 1019 944 aedificii?
1052 875 1142 937 lmmo
1164 895 1246 948 vero,

238 992 263 1055 si
293 989 363 1077 quid
388 988 492 1065 video,
522 988 656 1052 obscuris
686 989 732 1052 his
754 989 853 1054 verbis
877 991 973 1074 ipsum
997 988 1069 1052 illud
1094 989 1246 1053 discrimen

238 1105 399 1180 indicatur,
425 1102 600 1191 quodinter
619 1103 782 1167 frictionem
806 1107 1095 1191 exstructionemque
1119 1115 1148 1168 et
1169 1105 1248 1170 talo·

237 1243 298 1285 rem
323 1221 458 1305 eorporis
482 1203 652 1304 lapidesque
676 1218 791 1284 aedium
817 1221 940 1284 intersit.
979 1220 1044 1283 lam
1068 1242 1135 1284 eum
1159 1219 1245 1284 oodd.

238 1335 280 1400 Al
297 1333 338 1398 Hb
359 1334 520 1398 exhibeant
541 1328 577 1398 τὸ
602 1329 775 1396 ποιοῦντι)
798 1337 907 1419 μέρος,
932 1335 1175 1422 quibus-Asclep.
1201 1357 1247 1398 as·

239 1453 373 1526 sentitur,
398 1451 534 1535 suspicor
549 1451 578 1512 in
602 1461 728 1535 utraque
745 1449 831 1514 codd.
849 1449 956 1513 familia
974 1449 1085 1536 aliquid
1101 1450 1140 1514 ob
1156 1449 1246 1514 verba

239 1566 371 1630 similiter
393 1564 527 1629 radentia
552 1564 696 1628 excidisse
719 1577 807 1650 atquo
831 1563 906 1629 bano
929 1568 1053 1650 primam
1071 1577 1172 1629 textus
1188 1565 1247 1629 for·

239 1703 314 1745 mam
343 1679 447 1743 luisse:
482 1677 502 1764 ἢ
530 1680 690 1764 θερμότης
719 1677 868 1763 τοένονῆ
896 1678 931 1742 έν
952 1679 1001 1765 τῷ
1025 1677 1175 1761 σώματι
1197 1676 1245 1760 (ei.

240 1795 295 1860 34³
310 1793 362 1860 26.
386 1793 547 1879 θερμότης
569 1790 629 1879 γὰρ
652 1792 672 1877 ἢ
697 1792 732 1858 ἒν
746 1794 783 1884 τῇ
806 1792 925 1877 κινήσει
947 1788 1134 1877 θερμότητα
1155 1793 1190 1859 έν
1204 1797 1247 1882 τῷ

239 1911 360 1993 σώματι
374 1907 537 1993 ἐποίησεν·
561 1906 642 1992 αὕτη
666 1904 731 1989 (int.
757 1905 775 1992 ἢ
798 1906 840 1972 ἓν
855 1912 898 1995 τῷ
923 1905 1055 1990 σώματι)
1081 1905 1111 1971 d’
1128 1907 1249 1995 dorirp’*

238 2024 301 2106 dy.)
324 2022 345 2110 ἢ
365 2026 461 2106 μέρος
477 2068 525 2085 ...
541 2021 754 2088 πλειόνων-
768 2022 860 2088 τοῦτο
885 2019 915 2086 δ’
929 2020 1065 2102 ἔσχατον
1080 2019 1115 2088 τὰ
1133 2025 1248 2088 ποιοῦν

238 2136 274 2208 τὸ
298 2143 394 2226 μέρος
409 2173 447 2186 -
461 2141 516 2204 καὶ
537 2133 573 2202 τὸ
598 2138 698 2214 οὕτως
721 2135 752 2219 (i.
772 2161 796 2204 e.
821 2138 903 2226 quod
926 2141 955 2201 in
977 2141 1042 2226 ipso
1060 2160 1185 2225 corpore
1200 2161 1247 2204 sa·

190 2283 198 2304 ·
238 2257 336 2323 nando
362 2269 390 2322 et
414 2256 501 2320 domo
526 2255 705 2320 aedificanda
732 2252 825 2337 inest)
848 2257 943 2337 μέρος
967 2252 1032 2318 ἐστὶ
1053 2254 1108 2338 τῆς
1128 2251 1248 2334 ὑγιείας

240 2370 293 2436 ιιοιὶΙ
316 2373 369 2456 τῆς
392 2372 502 2443 οἰκίας.

309 2485 407 2551 1034·
431 2483 480 2550 19.
517 2478 580 2550 inl
614 2480 676 2564 yolp
711 2483 833 2548 τούτων
863 2482 1071 2568 κινηθήσεται
1098 2485 1161 2548 τῶν
1190 2482 1248 2550 οὐκ

239 2602 378 2684 ἐχόντων
392 2605 451 2684 μὲν
465 2595 524 2684 τὴν
537 2603 660 2684 τέχνην,
681 2602 845 2663 κινεῖσθαι
867 2598 903 2662 δὲ
927 2598 1117 2681 δυναμένων
1131 2596 1246 2676 αὐτῶν,

239 2721 259 2803 ἢ
281 2713 338 2780 ὑπ’
354 2714 463 2779 ἄλλων
478 2711 536 2780 οὐκ
559 2713 696 2794 ἐχόντων
711 2713 930 2798 τὴντέχνηνῆ
954 2713 988 2776 ἐκ
1009 2717 1134 2798 μέρους.
1169 2716 1248 2780 Haeo
1343 2811 1350 2818 ἢ

239 2833 330 2898 verba
354 2833 516 2896 scribarum
541 2829 626 2916 eulpa
644 2843 732 2916 atque
752 2828 1030 2915 interpolationibus
1046 2833 1172 2916 turpiter
1187 2831 1248 2894 loe·

241 2948 307 3013 data
332 2959 408 3010 suot.
442 2946 492 3010 dr.
512 2945 646 3009 distinxit
666 2947 744 3008 inter
759 2967 807 3008 eas
823 2965 878 3019 res,
904 2966 980 3031 quae
995 2943 1112 3008 nonnisi
1129 2946 1248 3010 artificis

239 3084 326 3126 manu
352 3061 511 3147 adjuvante
534 3063 647 3124 moveri
669 3062 795 3144 possint,
821 3072 849 3123 et
872 3082 930 3136 eas,
956 3081 1031 3147 quae
1055 3061 1165 3125 artifice
1188 3082 1247 3126 non

239 3153 408 3262 indigeant3
436 3173 487 3257 (-
508 3200 536 3240 v.
556 3171 609 3257 18)
632 3177 685 3240 has
710 3177 784 3240 enim
808 3197 855 3240 res
879 3187 931 3239 aut
954 3175 991 3238 ab
1016 3175 1078 3239 aliis
1102 3179 1173 3240 artis
1198 3199 1248 3240 ex·

240 3293 374 3380 pertibus
405 3305 457 3356 aut
484 3294 615 3377 ipsarum
646 3292 743 3377 aliqua
767 3304 850 3376 parte
874 3286 927 3368 (ἐκ
949 3292 1065 3374 μέρους
1088 3289 1124 3354 el.
1149 3287 1248 3370 Alex.)

241 3409 325 3473 elfini.
373 3406 432 3472 Sed
462 3420 496 3470 ut
525 3406 582 3470 boe
610 3427 707 3470 rerum
738 3411 832 3493 genus
861 3426 915 3468 suo
946 3407 1049 3491 vigore
1077 3409 1107 3469 in
1137 3418 1248 3469 motum

225 3546 226 3549 ’
240 3523 392 3589 transduci
415 3536 523 3609 potest,
547 3524 589 3586 ita
605 3522 677 3586 nibil
693 3524 823 3597 interest,
847 3533 881 3584 ut
895 3519 985 3584 rudes
1001 3534 1129 3586 motores
1143 3534 1248 3608 sponte

241 3652 425 3704 moveantur.
459 3639 524 3703 dam
550 3660 614 3703 oum
638 3660 692 3702 nee
714 3638 802 3718 bruta
826 3635 879 3700 nee
896 3637 962 3700 ulla·
977 3659 1024 3712 res
1048 3640 1119 3702 artis
1143 3657 1248 3723 expers

242 3754 299 3820 dici
329 3758 439 3842 possit,
469 3755 602 3819 homines
627 3767 723 3818 autem
748 3775 847 3817 omnes
871 3755 960 3817 insito
984 3756 1087 3840 vigore
1111 3774 1249 3817 movean-

242 3883 300 3946 tur,
326 3872 446 3934 omnino
471 3892 529 3932 nou
553 3868 727 3956 intelligitur
742 3891 795 3933 eur
810 3868 958 3933 addantur
973 3869 1065 3934 verba
1088 3871 1250 3933 alveredus
