2784 4606
641 307 682 372 nt

578 394 738 407 -ι--

155 501 321 577 ponantnr‚
351 485 520 575 accipienda
545 509 607 553 esse
631 468 753 552 censeo.⁴
795 485 977 552 Conantem
1001 485 1057 550 hae
1079 505 1125 551 ras
1149 509 1166 550 a

157 605 299 690 dignitate
317 626 402 672 verae
418 603 599 668 substantiae
616 603 828 679 excludantur,
854 625 891 666 ex
912 602 1053 688 exemplis
1070 601 1165 666 allatis

157 731 289 806 apparet.
324 723 425 806 Atque
447 718 595 805 plerisque
618 741 665 782 res
688 741 748 782 non
772 731 878 782 natura
902 719 1015 808 nutrice
1038 715 1164 818 adultas,

156 833 208 898 sed
233 833 347 919 opilicis
364 833 500 900 manibus
518 833 668 898 coniectas
687 833 835 921 designari
858 835 958 919 primo
977 843 1100 917 aspectu
1122 833 1167 894 in·

155 948 299 1034 telligitur
314 943 524 1032 (μολίκρατον,
546 947 695 1031 φάκελος,
718 947 854 1030 βιβλίον,
871 946 1030 1029 κιβώτιον,
1046 941 1166 1026 οὐδός),
1282 963 1286 972 ’

157 1062 222 1126 aliis
248 1083 308 1126 non
337 1063 521 1128 substantiae
550 1066 633 1148 ipsae
662 1062 715 1128 scd
743 1063 928 1128 conditiones
959 1083 1058 1126 carum
1089 1060 1183 1124 indi-'

157 1189 263 1241 cantur
285 1172 497 1261 (spicea-iios
519 1189 548 1242 et
570 1177 695 1242 sortasse
718 1178 847 1261 πνεῦμα
865 1176 1026 1242 secundum
1044 1187 1164 1241 meteor.

156 1296 197 1354 B.
209 1314 234 1357 c.
246 1289 308 1373 lv),
333 1293 396 1357 aliis
413 1292 539 1379 denique
554 1305 653 1378 partes
669 1293 835 1358 animalium
853 1293 1061 1378 exprimuntur
1075 1287 1165 1372 (χείρ,

156 1403 263 1486 atocio).
300 1407 364 1471 Jam
389 1429 441 1471 cur
463 1406 591 1470 medium
615 1428 708 1494 genus
732 1407 915 1473 substantiae
940 1407 1083 1490 dignitate
1105 1406 1167 1490 pri·

156 1531 244 1586 vetur
266 1543 320 1607 per
342 1545 372 1586 sc
396 1532 487 1608 patet,
512 1521 677 1585 artificiales
695 1534 792 1586 autem
808 1543 855 1585 res
872 1532 900 1585 et
917 1522 1081 1587 animalium
1099 1541 1166 1604 par·

156 1648 203 1700 tes
231 1649 382 1714 arcentur,
413 1639 482 1723 quia
510 1636 572 1700 scla
603 1657 734 1722 corpora·
758 1637 903 1701 naturalia
932 1657 1025 1722 caque
1052 1637 1167 1720 integra

156 1771 218 1815 non
243 1752 345 1816 mutila
365 1752 506 1838 peculiari
525 1772 614 1814 sensu
630 1750 813 1848 substantiae
830 1749 970 1816 dicuntur
992 1748 1028 1814 cs.
1045 1746 1103 1814 llll
1123 1746 1166 1812 28

158 1879 189 1930 ct
210 1864 267 1930 43¹³
287 1866 326 1930 21
352 1880 381 1930 ct
403 1865 466 1931 40¹2
483 1864 513 1930 5.
559 1865 646 1930 Nunc
669 1868 761 1952 igitur
783 1865 820 1928 ad
845 1887 920 1942 rem,
945 1864 1024 1928 unde
1047 1863 1166 1928 aberra·

156 1983 269 2056 vimus,
299 1983 408 2046 reversi
435 1981 520 2046 lacilc
546 1980 740 2066 intelligemus
763 1984 892 2066 priorem
917 1982 1166 2046 constructionem

142 2095 316 2160 'verborum
348 2100 424 2158 »καὶ
445 2096 525 2160 πᾶσι
546 2095 669 2169 τούτοις
691 2092 899 2181 ὁρισθήσεται
928 2091 963 2158 τὸ
988 2097 1090 2160 atros«
1120 2117 1165 2160 rc-

152 2208 312 2293 jiciendam
336 2211 515 2298 alteramque
538 2233 628 2274 urtam
648 2209 833 2296 probandam
857 2233 931 2276 esse.

228 2322 328 2390 totth
339 2325 392 2392 22.
417 2322 469 2392 dati
484 2322 526 2390 ccl
541 2322 733 2404 κατὰλόγον
748 2321 872 2392 δυνατοὶ
888 2335 954 2400 τοῖς
968 2319 1048 2389 ἄνευ
1061 2320 1166 2416 Ιλίνου

159 2438 309 2513 δονατοίς
330 2450 417 2504 ποιεί
442 2438 606 2506 τάναντία.
644 2442 829 2506 lrrationales
858 2444 1007 2527 potentias
1030 2440 1164 2526 singulos

159 2573 306 2641 quamque
336 2549 456 2622 effectus
485 2575 655 2642 procreare,
685 2557 842 2622 rationales
871 2557 987 2622 easdem
1017 2565 1166 2626 contraria

159 2667 272 2734 efficere
290 2670 353 2752 jam
376 2670 421 2736 bis
437 2671 491 2736 Ar.
516 2674 545 2736 in
569 2672 626 2736 hcc
650 2675 745 2757 capite
769 2686 925 2738 monuerat
946 2673 972 2754 (l
988 2674 1010 2739 d
1026 2677 1082 2740 ctl
1101 2674 1165 2764 10).

159 2783 339 2870 ltaqueltoc
362 2787 428 2850 loco
453 2785 511 2850 dici
534 2808 594 2850 non
618 2799 726 2869 potest,
749 2788 908 2852 rationales
932 2794 1079 2874 potentias
1096 2813 1165 2854 con·

158 2901 248 2962 traria
272 2919 305 2964 ac
328 2899 513 2970 irrationales
537 2900 667 2978 efficere,
699 2905 837 2988 quoniam
867 2903 915 2967 illa
939 2907 1018 2990 ipsa,
1050 2928 1165 2993 quaec

159 3014 274 3077 ratione
292 3017 603 3098 procreantur,‘intcr
625 3036 671 3092 sc,
697 3038 756 3080 non
781 3017 896 3082 effectui
920 3023 1070 3104 potentiae
1092 3024 1165 3086 irra-

158 3127 275 3224 tionalis
299 3131 446 3194 contraria
470 3142 548 3196 sunt.
572 3120 733 3196 'Potestas‘
748 3145 845 3198 autem
869 3134 951 3212 verbi
975 3133 1105 3200 ἐναντία
1129 3157 1164 3202 co

158 3244 254 3306 minua
278 3243 308 3306 in
332 3244 491 3329 simplicem
508 3244 687 3310 diversitatis
703 3248 761 3310 vim
778 3248 947 3336 detorqueri
964 3261 1071 3338 potest,
1095 3254 1164 3338 qnia

49 3433 53 3442 .
158 3359 261 3422 stricta
284 3361 499 3426 contrariorum
518 3361 716 3426 membrorum
734 3363 910 3448 significatio
928 3367 957 3428 in
973 3367 1165 3452 sequentibus

158 3475 323 3538 necessario
337 3473 504 3560 flagitatura
518 3475 578 3556 μιᾷ
586 3471 650 3558 γὰρ
662 3472 744 3566 ἀρχῇ
759 3481 931 3558 περιέχεται
946 3499 987 3544 cc.
1000 3476 1165 3544 τάναντία.

157 3586 354 3658 Nihilominus
384 3612 503 3668 vercor,
533 3612 571 3654 nc
599 3593 642 3667 is,
673 3593 723 3677 qui
746 3592 839 3658 verba
866 3604 934 3670 τοῖς
962 3588 1043 3658 ἄνευ
1068 3592 1165 3674 λόγον

159 3699 309 3778 δονατοίς
338 3705 403 3788 ejici
427 3706 565 3790 jusserit,
603 3706 744 3771 audacior
773 3710 826 3783 sit,
863 3719 951 3796 atquc
981 3711 1095 3786 nescio,
1126 3731 1165 3774 an

157 3819 353 3906 explicatione
378 3820 513 3906 vulgatae
536 3821 655 3892 lectioni
678 3824 810 3886 succurri
829 3825 934 3909 possit.
970 3823 1084 3890 Etenim
1099 3845 1164 3890 cunt

954 3933 993 3988 Αἱ
