2784 4606
652 345 810 447 Q

224 545 295 592 usus
320 537 379 591 cst:
405 523 440 590 cl.
459 524 510 591 Ar.
531 527 627 612 ipsum
651 529 690 590 N.
709 547 733 588 c.
748 524 788 590 Vl
813 520 972 591 1080l18
994 517 1053 590 cdv
1070 518 1134 610 γὰρ
1158 524 1238 606 otae

224 636 365 726 οὐρανὸν
394 637 682 716 κατασκευάζουσιν
708 639 743 719 ἐξ
767 631 930 724 α’ριθμῶν,
961 634 1046 726 πλὴν
1069 633 1108 704 οὐ
1131 661 1238 724 μονα*

225 757 331 832 δικῶν,
348 751 433 836 ἀλλὰ
450 751 508 830 τὰς
523 756 671 840 μονάδας
685 753 972 838 ὑπολαμβάνουσιν
987 751 1073 834 ἔχειν
1084 756 1236 838 μέγεθος.

223 875 266 938 llli
282 895 363 951 vero,
388 895 425 938 ne
447 894 585 937 numeros
609 874 762 938 notionum
786 884 907 936 naturas
932 869 1103 936 definientes
1127 893 1161 937 ac
1181 891 1238 938 nu·

225 1011 320 1054 meros
344 990 374 1053 in
397 987 498 1054 mundi
521 988 693 1076 regionibus
718 986 879 1074 dispositos
903 987 1106 1073 sejungerent,
1137 990 1237 1052 notin-

224 1128 289 1170 nem
314 1126 460 1193 quamque
484 1105 603 1170 coelesti
626 1106 734 1190 cuique
757 1124 881 1168 numero
898 1100 1067 1167 affixerunt.
1103 1101 1153 1168 Sic
1171 1105 1237 1189 opi·

224 1224 341 1286 aionem
365 1217 513 1300 (δόξαν),
543 1241 558 1283 ε
588 1217 730 1284 dualitate
752 1218 929 1306 prolectam,
958 1219 989 1281 in
1013 1218 1110 1282 lecum
1134 1229 1236 1284 centro

224 1340 410 1424 proximum,
446 1337 557 1422 qnippe
586 1335 721 1399 coelestis
750 1334 900 1400 dualitatis
932 1335 1104 1421 proprium,
1138 1347 1238 1401 trana-

225 1452 392 1527 dnxerunt,
425 1451 512 1514 alium
542 1471 695 1515 nnmerum
725 1448 847 1514 ideelcm
878 1449 935 1514 alio
966 1451 997 1514 in
1027 1449 1093 1513 loeo
1118 1450 1237 1516 coelesti

226 1567 454 1633 collocaverunt.
480 1565 515 1631 cl.
534 1565 620 1632 Alex.
644 1577 672 1628 et
694 1563 760 1630 eod.
778 1564 866 1632 Lana.
888 1587 913 1630 a.
927 1563 957 1628 b.
971 1563 990 1629 l.
1019 1563 1095 1630 Hinc
1114 1579 1238 1653 apparet

224 1683 420 1771 Pythagoreis
450 1681 487 1746 ad
517 1693 681 1748 commenta
707 1702 760 1746 sua
786 1678 967 1744 defendenda
992 1701 1051 1744 non
1075 1679 1236 1758 suffecisse,

225 1811 258 1864 ut
287 1801 423 1864 notiones
446 1801 560 1862 numeri
583 1810 718 1861 naturam
742 1795 872 1872 induisse
896 1795 1041 1872 dicerent,
1074 1795 1126 1861 sed
1150 1799 1237 1862 etiam

226 1914 393 1979 addendum
416 1914 474 1977 illis
498 1912 597 1988 luisse,
622 1911 723 1975 mundi
746 1913 841 1998 ipsius
865 1931 932 1976 oras
956 1933 994 1976 cx
1008 1915 1144 1980 ,numetis
1166 1935 1237 1978 con·

225 2043 315 2106 stare,
359 2029 423 2094 Hoc
447 2032 472 2092 si
494 2028 688 2116 probaveris,
718 2027 886 2092 Bonitzium
909 2027 1082 2114 particulam
1104 2031 1164 2109 μὲν
1187 2028 1238 2095 de·

224 2147 337 2210 lentem.
360 2158 389 2209 et
416 2146 584 2227 συμβαίνει
612 2146 641 2208 in
673 2144 830 2233 συμβαίνῃ
858 2155 1019 2208 mutantem
1049 2165 1148 2209 errore
1177 2144 1235 2209 labi

225 2260 349 2342 videbis.
384 2259 488 2350 Neque
512 2261 708 2354 necessarium
732 2271 785 2336 cst,
810 2271 844 2323 ut
865 2259 924 2323 bec
947 2281 1067 2348 quoque
1087 2260 1153 2324 loco
1170 2281 1237 2324 ver·

224 2378 297 2442 buna
328 2377 556 2459 ‚captatorem
584 2374 619 2440 dc
643 2374 832 2439 conclusione
855 2395 916 2440 rem
940 2373 977 2438 ad
1001 2375 1163 2441 absurdum
1186 2375 1237 2442 de·

226 2493 345 2558 ducenti
368 2491 544 2578 usurpatum
568 2492 620 2569 sit3
645 2492 733 2555 immo
757 2511 833 2554 vere.
853 2493 963 2578 optimc
986 2491 1044 2556 boc
1066 2492 1158 2558 verbo
1182 2494 1235 2559 Ar.

203 2580 207 2590 Ι
226 2605 261 2675 eo
285 2609 409 2674 consilio
425 2629 505 2673 ⁴usus
521 2620 575 2682 est,
598 2618 633 2671 ut
648 2607 772 2692 simplici
790 2609 906 2671 notioni
929 2607 1122 2672 »accidendit
1145 2610 1236 2697 signis

225 2726 389 2790 linationem
401 2745 562 2788 concursus
577 2721 701 2788 duarum
716 2743 811 2788 rerum
824 2722 999 2810 adjungeret
1010 2720 1234 2808 (συμβαίνει).

226 2840 287 2906 Sed
311 2861 454 2927 quaenam
478 2841 622 2903 sententia
646 2859 683 2902 cx
705 2839 751 2902 bis
776 2837 876 2904 verbis
899 2839 970 2921 elici
986 2841 1107 2926 potest?
1137 2842 1237 2928 Atque

226 2959 352 3042 primum
375 2949 416 3017 cci
441 2952 654 3038 συνιστάμενα
675 2956 799 3039 μεγέθη
822 2957 994 3041 nentiquam
1011 2955 1235 3022 deuotionibus

227 3070 315 3136 modo
340 3073 508 3134 memoratis
531 3071 652 3158 intelligi
669 3093 757 3158 posse
776 3072 877 3159 liquet,
903 3074 1109 3158 neque-minus
1125 3086 1235 3138 certum

226 3187 370 3274 particula
401 3184 503 3272 eqdq‘
534 3199 585 3252 ant
613 3187 834 3274 praecedentem
864 3186 1064 3272 conditionem
1092 3201 1145 3254 aut
1166 3210 1237 3274 pro·

225 3324 358 3390 gressum
382 3304 544 3368 sententiae
570 3303 703 3368 indicari.
750 3303 814 3367 Hoc
838 3307 986 3388 posterius
1010 3317 1123 3368 veteres
1147 3308 1236 3372 iuter-

183 3387 196 3412 ⁹
224 3431 322 3505 pretes
346 3417 516 3483 Alexander
539 3418 692 3508 Asclepius
723 3418 873 3504 glossator
902 3417 968 3484 eod.
993 3417 1081 3485 baur.
1109 3423 1236 3508 amplexi

225 3537 266 3600 ita
284 3533 375 3602 verba
398 3538 583 3622 interpretati
606 3548 689 3611 sunt,
714 3547 762 3610 ut,
788 3556 847 3621 quo
872 3537 963 3622 magis
987 3537 1068 3622 regio
1094 3558 1109 3600 a
1135 3549 1234 3601 centro

226 3640 417 3742 distareteo
442 3655 535 3742 magis
558 3673 712 3718 numerum
736 3643 890 3716 coelestem
915 3673 1072 3742 augescere
1095 3651 1233 3720 dicerent.

225 3766 267 3829 At
295 3766 371 3832 banc
398 3770 570 3858 sententiam
594 3767 639 3832 bis
664 3766 781 3854 quidem
805 3767 904 3832 verbis
920 3759 1022 3834 'inesse
1045 3761 1143 3857 nego,
1169 3790 1234 3834 nam

226 3902 287 3944 non
316 3881 405 3946 modo
430 3881 499 3958 Ar.‚
531 3882 602 3947 dum
631 3886 768 3950 notiones
793 3883 969 3950 coelestibus
993 3885 1166 3973 regionibus
1188 3906 1235 3951 as·
