2784 4606
580 373 738 471 A

152 557 243 621 lativa
267 567 344 619 eerte
373 551 518 640 particula
541 555 595 615 καὶ
617 565 686 639 post
711 550 846 635 δυνάμει
868 550 1068 636 interjicienda
1097 549 1161 616 luit.

154 671 215 737 Sed
239 670 330 735 multo
354 683 485 758 praestat
509 691 546 734 ex
569 670 750 756 gravissimis
773 668 945 733 auctoribus
966 668 1008 732 As
1031 667 1162 746 etrllex.

23 807 33 816 “
154 785 386 868 ἰΙΙυδδυυόμει
408 789 527 849 omnino
552 784 707 871 expellere.

223 899 322 966 1049Ι
344 899 395 966 26.
431 897 500 964 οἷον
526 900 557 962 εδ
581 896 600 984 ἢ
628 898 668 982 γῆ
692 892 819 982 αἐρλνη,
848 894 866 960 δ
892 893 923 960 δ’
948 889 1010 980 dio
1033 889 1076 980 μδ
1100 896 1163 979 πῦρ
1212 955 1214 959 .

154 1011 242 1082 α’λλδ
264 1011 406 1100 πόρῖυυς,
429 1011 465 1078 τὸ
486 1013 550 1095 πῦρ
568 1011 628 1097 etp
650 1013 768 1097 πρώτη.
803 1011 912 1076 Mendo
930 1012 1058 1098 quodam
1075 1011 1165 1076 libra·

154 1135 266 1197 riorum
295 1133 366 1195 haec
397 1128 486 1194 verba
516 1128 636 1193 turbata
666 1151 728 1193 esse
758 1128 827 1192 mihi
858 1148 1033 1214 persuasum
1055 1126 1162 1191 habeo.

152 1245 228 1314 Nam
251 1248 281 1311 id
305 1245 422 1334 quidem
446 1242 572 1308 sortasse
596 1247 729 1308 excusari
754 1255 862 1329 potest,
892 1242 973 1329 quod
996 1264 1057 1307 non
1080 1242 1165 1306 addi-

154 1377 216 1428 tum
240 1364 279 1426 sit
301 1357 336 1424 τό
362 1359 398 1424 δὲ
420 1360 484 1450 arcio
508 1353 550 1444 μή
576 1355 642 1422 κατ’
665 1353 762 1433 ἄλλο,
794 1380 868 1446 quae
893 1358 999 1434 verba,
1029 1371 1063 1421 ut
1086 1370 1164 1422 reete

155 1477 306 1543 conclusio
329 1473 486 1562 procedat,
518 1476 647 1560 suppleri
672 1487 750 1538 certe
775 1473 891 1538 debent.
939 1472 999 1537 Sed
1022 1474 1163 1560 puerilem

152 1708 315 1795 pleniorem
339 1694 553 1792 eripositionem
577 1706 602 1767 si
624 1703 676 1767 Ar.
701 1696 806 1767 iterare
829 1705 987 1781 voluisset,
1012 1706 1041 1767 in
1064 1707 1164 1790 priore

154 1834 232 1887 certo
255 1820 386 1885 membro
408 1819 607 1896 adhibuissem
632 1821 660 1882 in
678 1818 882 1884 alternantem
899 1819 1030 1884 membro
1047 1832 1165 1884 recocta

153 1937 246 2002 habet
268 1939 367 2000 neseio
391 1936 462 2023 quid
487 1935 617 1998 scurrilis
641 1935 831 2021 garrulitatis.
861 1933 929 1999 Sed
952 1935 1068 2012 dubito,
1093 1959 1164 2000 num

152 2055 310 2141 genuinam
326 2053 378 2116 Ar.
396 2073 512 2115 manum
529 2052 682 2114 restituere
699 2050 767 2112 mihi
784 2053 951 2138 contingat3
975 2053 1083 2118 duetus
1099 2056 1164 2140 qui·

153 2167 220 2233 dem
243 2170 392 2232 literarum
416 2167 485 2232 huie
508 2165 632 2229 sortasse
656 2165 853 2230 emendationi
868 2166 982 2248 lavent:
1012 2159 1085 2232 dds
1101 2163 1163 2254 όῆρ

153 2277 297 2368 πόριυος,
321 2277 357 2345 ed
383 2281 419 2344 dd
441 2276 482 2365 μή
507 2274 583 2364 παρ’
598 2276 711 2345 ἄλλου.
748 2293 749 2298 ’

223 2397 324 2463 1051t
345 2396 396 2460 27.
428 2395 508 2459 διότι
531 2392 591 2459 ἔδυ
613 2399 680 2462 ἴσαι
702 2406 798 2481 τρεῖς,
823 2394 843 2482 ἢ
864 2419 899 2459 τε
920 2391 1014 2480 δόσις
1033 2394 1093 2462 dv'o
1109 2401 1181 2462 καὶ.

153 2511 231 2598 ἢδκ
255 2514 354 2594 μέσου
378 2509 589 2576 &nemaeum
612 2506 713 2596 dpdp',
745 2510 847 2575 λδόυτι
869 2511 970 2596 δῆλον
991 2513 1036 2600 τῷ
1061 2513 1163 2578 ἐκεῖνο

153 2627 261 2692 τλδότι.
300 2627 484 2714 Singularem
509 2629 649 2713 trianguli
670 2627 813 2704 sormam·
829 2627 881 2691 ubi
899 2641 1004 2693 vertex
1019 2631 1049 2692 in
1065 2629 1161 2696 medio

153 2744 326 2831 hemicyclio
349 2745 466 2829 positus
488 2744 535 2818 sit,
560 2742 596 2806 ab
614 2743 665 2807 Ar.
683 2745 789 2829 respici
806 2743 960 2807 Bonitzius
979 2759 1087 2808 censet.
1122 2747 1165 2810 At

154 2862 221 2947 quis
246 2871 357 2922 tantam
381 2858 527 2922 levitatem
558 2856 632 2922 lerrc
656 2870 770 2943 potest,
801 2871 836 2922 ut
857 2860 910 2924 Ar.
934 2861 1061 2945 primum
1085 2861 1164 2926 dieat

154 2968 211 3038 διδ
235 2975 265 3035 ai
288 2970 305 3057 ἢ
328 2972 364 3038 δν
385 2969 557 3057 ἡμικυκλίῳ
581 2966 666 3056 δρδῆ
691 2970 888 3050 καθόλου,
912 2978 1047 3061 proxima
1064 2989 1162 3041 autern

153 3093 183 3153 io
209 3091 414 3153 enuntiatione
438 3087 557 3151 eandem
582 3088 744 3173 generalem
769 3093 1002 3176 propositionem
1031 3093 1061 3153 in
1088 3093 1163 3157 limi-

153 3218 197 3268 tes
222 3206 309 3266 unius
333 3181 511 3265 donditioni's
535 3203 715 3286 restringat?
752 3204 817 3286 Qua
846 3204 963 3268 tandem
989 3210 1162 3272 necessitate

140 3320 206 3382 'An
227 3317 387 3382 obstrietus
412 3315 476 3394 luit,
501 3330 648 3404 utsupra
672 3317 793 3383 adderet
823 3316 1038 3385 ικαδόλουιλ
1070 3324 1176 3387 Αστυ-λ

154 3431 206 3511 dit,
233 3432 314 3520 quod
338 3436 367 3495 in
383 3432 612 3498 demonstranda
628 3434 683 3496 hac
698 3436 905 3519 propositione
919 3436 1044 3523 liguram
1061 3440 1161 3525 aequi-

153 3552 242 3612 crurii
265 3548 404 3635 trianguli
428 3569 464 3611 ne
488 3551 636 3612 minimum
661 3549 778 3634 quidem
802 3549 1002 3633 adjumentum
1018 3553 1161 3640 praebere

152 3663 289 3728 Euclides
306 3664 387 3727 elem.
405 3663 448 3738 lll,
467 3662 506 3729 31
529 3664 625 3729 docet.
662 3663 783 3728 Scribas
807 3668 898 3751 igitur
922 3691 959 3731 ex
982 3670 1067 3754 plena
1091 3691 1160 3734 ena-

153 3778 232 3866 logia
255 3780 363 3864 prioris
387 3775 529 3865 exempli:
559 3777 608 3842 ότι
626 3824 655 3842 ..
676 3825 683 3841 .
702 3778 924 3858 ἐπισταθεῖσα,
949 3777 1038 3869 dodoi
1058 3781 1159 3870 lintei

155 3891 190 3958 δυ
208 3886 384 3980 ἡμικυκλίῳ
407 3891 514 3996 ἐστίν).
545 3890 647 3959 λδόυτι
672 3891 711 3982 δὴΙ
737 3893 837 3980 δῆλον
859 3898 904 3988 τῷ
927 3896 1028 3966 tertre
1051 3895 1160 3965 εἰδότι.
