2784 4606
719 357 761 417 Μ

307 527 406 598 1053*
421 527 471 598 13.
496 531 516 618 ἢ
530 529 657 614 μᾶλλον
671 527 838 597 ὑπόκειταί
850 555 898 607 τις
912 525 1019 619 φύσις,
1044 535 1098 598 καὶ
1113 539 1182 610 πῶς
1197 533 1257 600 occ

236 649 483 733 γνωριμωτέρως
505 645 665 734 λωχθῆναι
688 651 743 711 acl
763 645 890 731 μᾶλλον
905 645 1011 732 ὥσπερ
1034 645 1066 713 oi
1087 654 1160 736 περὶ
1182 646 1252 738 φύ-

237 779 323 837 σεως.
359 763 475 847 Quibus
498 764 721 829 difficultatibus
745 764 818 830 haec
838 764 928 830 verba
951 765 1099 854 implicata
1121 768 1189 845 slat,
1214 779 1253 835 ut

236 881 423 965 sagacissima
457 878 612 944 Bouitzius
649 879 839 966 significavit,
875 875 916 944 it'a
950 882 1149 966 conjecturam
1183 883 1250 968 ejus

236 991 396 1078 λεχθῆναι
419 989 441 1077 ἢ
468 992 595 1077 μᾶλλον
617 991 724 1079 ὥσπερ
747 991 779 1057 oi
801 999 874 1077 περὶ
896 989 1024 1080 φύσεως
1052 997 1124 1062 riaihi
1152 997 1251 1063 haud·

236 1131 384 1196 quaquam
406 1110 556 1196 probavit.
592 1109 736 1196 Equidem
760 1131 864 1176 censeo
886 1123 995 1176 rectam
1011 1111 1057 1176 vel
1073 1111 1250 1180 emendandi

236 1225 281 1287 vel
305 1224 473 1309 explicandi
495 1227 572 1288 viam
602 1228 759 1289 monstrari
787 1247 847 1290 uno
871 1226 936 1290 loco
962 1225 1069 1291 collato
1099 1224 1199 1292 1001·
1215 1225 1247 1294 9.

235 1337 378 1402 Πλάτων
399 1342 459 1422 μὲν
480 1335 543 1420 γὰρ
568 1342 622 1402 cccl
644 1327 921 1423 οἱΠνθαγόρειοι
943 1332 1004 1419 οὔχ
1026 1341 1135 1424 ἕτερόν
1157 1363 1186 1403 τι
1208 1337 1248 1405 cd

235 1449 275 1517 ὃν
290 1448 366 1517 οὐδὲ
388 1449 424 1516 rt
448 1455 483 1517 lv
496 1498 503 1515 .
588 1449 620 1516 ol
643 1451 680 1517 dc
700 1458 772 1538 accpi
787 1453 922 1539 φύσιως,
945 1450 1247 1540 ολονἝγιπεδωιλῆς,

157 1613 162 1622 ·
235 1565 278 1646 ὥς
306 1567 352 1643 εἰς
377 1569 618 1653 γνωριμώτερον
647 1549 782 1648 dodras
809 1567 894 1649 λέγει
921 1567 992 1632 ὅτι
1019 1563 1056 1631 τὸ
1086 1571 1122 1634 ὃν
1152 1568 1247 1635 ἔστιν.

234 1685 405 1750 Platonicos
429 1686 504 1749 enim
529 1697 558 1749 ct
579 1683 786 1772 Pythagoreos
811 1683 955 1750 obscurae
978 1696 1066 1774 atquc
1091 1683 1246 1752 abstrusae

235 1800 388 1867 doctrinae
411 1800 447 1865 de
471 1820 549 1864 mera
572 1801 695 1864 unitatis
718 1811 823 1864 natura
839 1797 891 1865 Ar.
909 1801 1040 1865 incusat:
1065 1801 1245 1868 enucleatius

233 1917 384 2004 physicos,
410 1914 482 2001 quid
504 1916 612 1978 unitati
634 1914 818 1979 substratum
841 1917 889 1992 sit,
914 1914 1129 2002 explanavissc.
1171 1916 1245 1982 lliac

235 2043 358 2119 apparet
381 2051 441 2107 eos,
466 2031 517 2118 qui
540 2030 686 2096 hocloco
712 2032 842 2118 apertius
865 2051 926 2094 rem
942 2029 1107 2100 declarasse
1122 2031 1246 2098 laudan·

234 2160 293 2243 tur,
318 2149 399 2234 ipsos
416 2147 558 2234 physicos
574 2168 647 2223 csse,
664 2168 718 2211 nec
734 2169 750 2210 a
766 2145 903 2211 Bonitzio
920 2167 938 2210 a
952 2147 1087 2234 physicis
1102 2146 1245 2234 distingui
1378 2167 1379 2184 ι

235 2261 383 2339 debuisse.
418 2262 517 2350 Atque
542 2265 621 2326 omni
636 2265 714 2349 parti
730 2261 893 2338 satisfieret,
918 2264 942 2325 si
960 2265 1070 2326 omisso
1085 2261 1152 2336 πῶς
1167 2262 1246 2350 lege·

234 2390 318 2443 retur
338 2373 362 2463 ἢ
386 2373 700 2459 pastorinanum
727 2398 773 2449 τις
801 2369 897 2461 φύσις
924 2379 980 2440 καὶ
1007 2375 1060 2441 dal
1078 2397 1245 2462 γνωριμω-
1377 2407 1378 2410 “

234 2495 333 2577 aspar
356 2490 577 2577 λεχθῆναι...
624 2490 684 2556 Sed
707 2513 820 2568 vercor,
849 2513 884 2556 nc
909 2492 957 2556 illa
981 2492 1085 2577 ejectio
1109 2493 1244 2558 adverbii

235 2609 302 2682 πῶς
325 2607 467 2672 audacior
489 2610 537 2683 cit,
563 2619 592 2672 et'
613 2607 810 2693 explicatione
833 2607 904 2672 illud
928 2607 997 2683 πῶς
1019 2605 1115 2674 lulciri
1139 2611 1243 2694 possit.

232 2723 354 2812 Physioi
382 2727 458 2788 enim
490 2735 519 2787 et
541 2724 597 2809 ipsi
622 2745 725 2787 rursus
749 2725 778 2788 in
803 2721 933 2789 diversas
956 2735 1055 2808 partas
1079 2721 1243 2798 discedunt,

234 2861 301 2904 cum
324 2837 398 2902 alius
422 2839 577 2902 amicitiam
602 2833 738 2920 (φιλίαν)
763 2838 837 2902 alius
860 2859 956 2903 aerem
979 2834 1085 2922 (ἀέρα)
1109 2838 1184 2903 alius
1200 2841 1244 2901 in·

232 2953 374 3018 finitatcm
390 2948 548 3035 (ἄπειρον)
565 2952 639 3016 alius
663 2952 743 3016 aliud
767 2952 838 3038 quid
860 2956 968 3017 unitati
982 2953 1165 3018 substratum
1181 2973 1244 3016 essa

165 3127 167 3132 ,
235 3068 449 3134 contenderint.
487 3067 552 3132 Huc
582 3067 654 3132 illud
676 3066 744 3140 πῶς
767 3068 915 3132 retulerim
940 3081 969 3133 ct
990 3081 1121 3134 extrema
1145 3067 1244 3132 dilem-

233 3184 320 3248 matis
342 3196 426 3270 parte
449 3203 552 3247 rursus
576 3181 711 3247 bilariam
734 3182 858 3247 diremta
874 3184 915 3247 ita
930 3181 1022 3248 verba
1038 3184 1242 3270 explicuerim:
1374 3257 1375 3278 ἢ

222 3311 333 3364 utrum
358 3297 704 3362 seeundumrlstonicos
726 3301 824 3362 unitas
848 3300 911 3384 ipsa
934 3319 988 3384 per
1008 3320 1038 3363 se
1061 3298 1243 3362 substantiae

218 3389 405 3504 xdignitatem
430 3412 530 3489 habet,
555 3435 591 3477 au
615 3412 718 3478 subest
734 3414 963 3500 aliquantium,
988 3425 1017 3478 ct
1031 3415 1056 3478 si
1071 3435 1153 3478 mora
1168 3413 1244 3501 phy·

235 3533 373 3604 cicorum,
398 3529 557 3594 Platonicis
573 3530 709 3594 tenebris
731 3532 836 3606 missis,
860 3542 993 3594 naturam
1010 3528 1157 3616 quandam
1174 3526 1243 3594 sub·

235 3621 356 3713 stratam
379 3667 441 3710 csse
466 3644 623 3712 dilucidius
645 3645 900 3723 declaraverimus,
925 3667 1068 3733 quaenam
1085 3642 1176 3727 (πῶς)
1192 3665 1242 3710 aa·

234 3773 304 3828 tura
327 3761 476 3828 substrata
501 3761 567 3827 esti

304 3874 404 3942 1057·
418 3875 448 3943 6.
474 3871 525 3941 διὸ
549 3872 588 3942 orl
609 3879 676 3944 πᾶν
700 3875 717 3940 ὃ
742 3871 819 3967 dap}
841 3878 876 3941 ἓν
892 3869 1035 3978 ἀριθμός
1057 3871 1150 3950 ἐστιν,
1173 3871 1241 3940 cicc
