2782 4612
584 349 739 444 *ss—

156 524 281 592 tremet
310 518 328 591 ot
358 529 423 590 cciv
451 524 604 590 τοιούτων
625 524 732 611 μεροῖν
759 523 870 604 λόγος,
898 528 962 588 τῶν
986 520 1025 586 δ’·
1043 519 1085 588 οδ
1117 523 1170 588 det

110 675 115 680 ·
157 641 287 717 ἐνεῖναι,
312 637 355 706 δν
377 635 420 726 μδ
443 636 464 730 ᾗ
485 643 542 704 τοῦ
567 639 826 725 συνειλημμένον.
866 640 977 704 Totum
1001 658 1054 726 per
1077 653 1166 725 ceput

157 757 302 822 decimum
324 756 379 822 Ar.
404 755 560 842 distinguit
587 759 664 820 inter
687 758 831 841 integram
856 755 978 820 sormam
1002 752 1114 833 (εἶδος)
1138 768 1167 820 et

157 871 283 936 formam
307 889 372 936 enm
395 873 516 936 materia
533 871 668 936 coalitam
685 867 977 954 (ouveelpppdrorlc
1004 870 1052 935 hic
1067 882 1166 957 partes

157 989 296 1052 materiae
310 986 526 1069 respiciendus,
550 987 610 1050 illio
632 985 809 1051 omittendas
833 1007 905 1050 esse.
944 985 1020 1051 Hinc
1043 997 1167 1072 apparet
1250 1037 1255 1046 .

157 1115 262 1168 nostro
285 1100 352 1166 loco
377 1100 433 1166 sub
454 1104 596 1183 scirpia
618 1121 664 1165 res
684 1112 845 1176 concretas,
870 1099 926 1164 sub
943 1100 1008 1164 τῶν
1023 1100 1060 1164 δὲ
1075 1122 1165 1187 puras
1228 1171 1231 1182 ι

157 1215 268 1282 formas
290 1189 494 1302 intelligendas
518 1239 590 1282 esse.
633 1216 721 1300 Quod
745 1218 769 1280 si
793 1215 954 1301 probatur,
978 1237 1037 1280 non
1062 1216 1166 1282 intelli·

157 1333 248 1417 gitur,
273 1353 326 1396 cur
342 1330 432 1419 rapha
457 1332 499 1398 oia
520 1327 564 1416 pr}
587 1327 606 1422 ᾗ
628 1331 685 1396 aad
704 1328 953 1414 συνειλημμένον
968 1331 1081 1416 adjecta
1096 1333 1165 1407 sint,
1272 1411 1275 1416 Ι

66 1467 68 1472 ·
158 1450 298 1533 quoniam
327 1448 358 1510 in
386 1447 480 1512 altero
507 1469 614 1533 genere
644 1426 723 1512 nulla
753 1451 799 1510 res
828 1453 964 1512 coincreta
987 1449 1164 1512 continetur.

88 1643 92 1654 ι
158 1561 324 1644 Quominus
353 1573 451 1626 autem
480 1582 546 1626 cum
574 1562 713 1626 Bonitzio
742 1561 814 1626 haec
841 1561 931 1627 verba
961 1563 1166 1646 explicationis

158 1697 246 1742 eausa
278 1675 379 1741 addita
402 1698 465 1742 ease
489 1699 674 1754 censeamus,
705 1677 796 1742 multa
820 1676 989 1762 prohibent.
1035 1676 1164 1742 Primum

157 1792 321 1878 particulae
349 1792 392 1855 ἂν
418 1786 462 1876 μὴ
496 1794 780 1879 postncgationem
811 1792 933 1858 solemni
962 1813 1020 1886 usu
1048 1791 1085 1856 da
1114 1813 1166 1856 ex·

159 1909 294 1993 ceptione
316 1906 443 1994 quadam
467 1910 604 1992 usurpari
627 1908 733 1984 solent,
757 1907 863 1972 deinde
885 1929 938 1972 eur
960 1929 1013 1993 per
1028 1907 1166 1994 ambages
1206 1945 1214 1958 ·
1280 1935 1290 1949 ·

158 2043 206 2086 rea
240 2025 377 2108 negativo
411 2021 577 2108 explicetur
609 2044 670 2086 non
699 2023 801 2099 video,
838 2035 900 2089 tum
930 2026 960 2088 in
994 2024 1052 2088 illu.
1073 2024 1166 2109 expli·

155 2139 274 2202 catione
297 2137 389 2202 multo
413 2140 504 2223 magis
527 2134 590 2201 doc
611 2132 654 2222 aa}
678 2151 914 2224 exspectaretur,
943 2138 1017 2202 nihil
1038 2137 1165 2221 denique

157 2250 327 2338 languidius
351 2255 513 2339 excogitari
536 2265 646 2338 posset.
681 2253 836 2318 Praeterea
857 2253 1003 2337 particula
1018 2244 1165 2316 udu'mul-

157 2379 219 2430 tum
251 2365 422 2456 offensionis
451 2367 549 2434 habet.
596 2367 669 2432 Nam
699 2370 728 2433 in
753 2367 936 2432 antecedenti
960 2368 1165 2433 enunciatioue

157 2481 401 2568 significationem
423 2480 528 2561 λόγων
550 2483 727 2548 arctioribus
751 2483 892 2549 limitibus
916 2482 1095 2549 definitionis
1111 2504 1166 2567 pu·

157 2617 208 2662 rae
222 2598 336 2663 fornae
351 2587 557 2662 includendam
574 2619 636 2665 esse
652 2621 804 2664 connexus
820 2599 1030 2664 sententiarum
1046 2595 1166 2686 demon·

157 2722 242 2776 strat.
276 2712 320 2776 Aa
340 2733 401 2776 non
424 2734 463 2777 ert
486 2712 542 2778 hac
562 2727 690 2800 ¹angusta
709 2714 938 2800 significatione,
963 2711 1014 2778 sed
1032 2735 1070 2778 ex
1086 2713 1166 2776 latis·

158 2829 231 2890 sima
255 2825 433 2892 delinitionis
449 2825 573 2908 (λόγου)
598 2832 627 2892 vi
650 2828 680 2892 id
704 2849 887 2914 consequens
911 2840 970 2904 est,
995 2825 1077 2913 quod
1095 2847 1166 2912 pro·

156 2943 246 3006 nimis
261 2941 360 3006 verbis
382 2945 563 3028 proponitur
582 2940 659 3021 (τόν
673 2947 733 3026 μὲν
748 2939 818 3008 οὖν
833 2977 876 2988 -
893 2940 1166 3026 συνειλημμένου).

157 3056 222 3122 darn
246 3055 332 3122 cedd.
358 3055 554 3143 discrepantia
577 3061 732 3125 succurrit.
768 3059 868 3144 Atque
884 3061 960 3122 viam
981 3060 1165 3144 corruptelae

157 3153 269 3236 iudicat
290 3170 363 3238 fides
390 3172 455 3238 cod.
479 3171 521 3236 Ab
540 3174 712 3258 particulam
736 3169 796 3238 οὖν
820 3176 995 3250 amittentis,
1026 3174 1164 3238 certiores

157 3307 213 3351 noa
235 3285 307 3353 iacit
328 3288 415 3352 lectio
439 3290 469 3352 in
491 3291 623 3373 margine
646 3288 712 3354 cod.
729 3293 766 3352 Ε.
782 3288 911 3374 adjecta,
936 3309 1061 3376 quacum
1076 3287 1163 3362 Alex.

156 3399 284 3470 tortasse
305 3395 473 3486 conspirate
506 3400 617 3488 διόπερ
640 3414 703 3478 cett
725 3407 786 3487 μὲν
801 3403 925 3470 ἐνέσται
948 3401 1045 3468 ὁτῶν
1059 3404 1165 3470 τοιού-

158 3537 224 3580 amu
244 3516 351 3600 μερῶν
373 3512 481 3598 λόγος,
503 3527 569 3592 τοϊς
585 3513 616 3580 δ’
634 3513 671 3581 οὐ
689 3517 742 3580 δεῖ
753 3516 882 3582 ἐνεῖναι.
916 3518 1069 3606 Duplicern
1088 3522 1163 3584 enim

157 3634 357 3702 recensionem
380 3633 709 3708 exstare'crediderim‚
733 3633 868 3698 alteram:
899 3627 1012 3721 διόπερ
1039 3626 1115 3698 οὐδ’
1129 3631 1166 3699 δν

158 3755 224 3822 τοῖς
246 3747 353 3828 λόγοις
376 3743 434 3812 δᾶν
455 3743 499 3834 pap*
523 3743 544 3838 ᾔ
565 3741 641 3830 (siue
664 3750 773 3812 omisso
796 3743 816 3838 p*
840 3771 905 3812 cum
921 3747 985 3832 Ab)
1008 3749 1066 3814 τοῦ
1089 3765 1165 3815 συν-

159 3856 352 3948 ειλημμένου
368 3859 421 3946 (se.
439 3859 541 3928 ἔνεστι
555 3858 597 3928 τὰ
611 3862 666 3946 τῆς
679 3861 758 3948 ὕλης
771 3861 873 3948 uduo),
889 3866 1023 3932 alteram:
1052 3863 1163 3949 διόπερ
1197 3949 1200 3954 Ι

429 4019 432 4026 .
950 3974 997 4030 6*
