2784 4606
664 342 824 440 43⁸-

243 521 340 605 λάβοι
356 519 455 610 μόρια
473 524 527 586 sai
542 515 582 584 cci
598 525 653 606 τῆς
667 521 773 608 ψυχῆς
788 518 948 608 πάρεγγυς
962 513 1065 607 ἄμφω
1080 519 1257 600 γίγνεσθαι

244 637 323 704 ὄντα
345 642 399 702 seul
421 634 598 718 ἐντελεχείᾳ
619 639 674 700 aral
697 635 846 720 δυνάμει,
869 641 912 724 τῷ
935 631 1040 720 ἇρχάς
1062 633 1147 716 ἔχειν
1162 633 1257 721 κινή-

244 751 322 828 σεώς
345 750 411 818 ἀπό
433 773 518 828 τινος
541 751 577 818 ἐν
599 761 668 826 ταῖς
690 763 842 836 καμπαῖς.
877 752 952 819 Cum
976 765 1063 818 antea
1083 755 1115 816 in
1131 754 1256 816 univer-

244 893 308 935 snm
344 869 380 933 de
414 869 581 934 animalium
616 868 753 956 partibus
787 867 901 952 (μόρια
927 868 992 933 τῶν
1021 865 1110 956 ζῴων
1138 866 1194 932 tut
1214 863 1253 946 6)

245 987 425 1073 quaesitum,
457 1007 564 1050 novam
596 997 692 1050 autem
724 1006 784 1049 rem
814 983 914 1050 alierri
938 983 1089 1071 particulis
1112 981 1255 1066 μάλιστα
1299 977 1308 990 ’

245 1099 282 1164 δὲ
305 1101 465 1166 indicatum
491 1113 581 1177 esset,
607 1099 816 1186 Schweglerus
833 1101 981 1164 verissime
1004 1095 1046 1162 sd
1063 1095 1127 1161 cciv
1142 1093 1256 1184 ἐμψύ-

243 1236 310 1295 χων
333 1215 402 1280 lerri
431 1237 490 1279 non
515 1237 602 1301 posse
625 1216 793 1302 perspexit,
824 1217 964 1300 quoniam
988 1216 1072 1278 notio
1094 1211 1255 1300 dpquaixcdv

245 1332 395 1396 notionem
421 1327 509 1415 ζῴων
532 1341 647 1416 aequat.
684 1327 744 1394 Sed
767 1328 909 1394 infelicem
934 1343 964 1394 et
986 1331 1167 1394 temerariam
1188 1323 1259 1411 ejus'

246 1446 444 1530 conjecturam
473 1443 653 1527 »ἐντόμωνν
684 1444 774 1510 verba
799 1439 952 1532 sequentii
980 1457 1178 1529 aspernantur
1199 1435 1253 1505 ded

245 1557 316 1626 ἔνια
340 1559 466 1647 ζῷα...
489 1559 562 1624 Nam
586 1582 624 1624 ex
647 1560 693 1624 bis
709 1559 808 1624 verbis
832 1571 966 1645 apertum
989 1561 1037 1636 fit,
1063 1571 1174 1624 certum
1190 1561 1255 1621 ani-

246 1677 363 1742 malium
388 1698 481 1763 genus
505 1675 636 1740 nondum
661 1679 842 1742 nominatum
865 1696 937 1739 esse.
983 1675 1084 1761 ltaque
1109 1695 1254 1761 quaenam

245 1791 294 1856 illa
322 1792 457 1856 animalia
485 1793 558 1866 sint,
594 1813 654 1855 non
684 1804 784 1877 aperte
813 1791 1043 1876 pronunciatum
1072 1789 1125 1854 sed
1153 1790 1252 1876 paullo

247 1905 403 1970 obscurius
433 1905 640 1970 adumbratum
671 1927 733 1970 esse
762 1903 859 1970 debet.
905 1904 970 1969 lam
999 1907 1156 1990 quominus
1186 1926 1254 1969 cnm

246 2020 383 2086 Bonitzio
413 2043 448 2085 ac
471 2020 662 2108 Schweglero
692 2015 732 2084 coi
764 2020 816 2105 τῆς
839 2019 946 2104 ψυχῆς
973 2041 990 2083 a
1012 2019 1111 2084 verbis
1133 2041 1255 2105 praece-

247 2135 385 2204 dentibus
408 2131 448 2199 acl
471 2136 536 2200 τῶν
558 2135 714 2221 ἐμψύχων
736 2135 833 2220 μόρια
856 2136 1068 2212 dissolvamus,
1092 2134 1255 2222 prohibent

247 2254 398 2340 sequentia
415 2251 517 2328 verbe,
542 2273 629 2316 unam
653 2273 714 2316 rem
738 2251 926 2317 illustrantia:
943 2251 987 2338 cpi
1001 2244 1103 2335 ἀρχὰς
1117 2285 1154 2294 -
1168 2272 1254 2336 καμ-

246 2376 333 2438 παῖς.
367 2367 481 2449 Quodsi
505 2367 578 2430 haec
602 2367 638 2430 ad
662 2367 740 2430 solas
764 2380 862 2453 partes
885 2368 1053 2432 animalium
1075 2366 1184 2432 relerre
1199 2389 1254 2431 vo·
1375 2441 1376 2454 χ

246 2481 345 2558 lucris,
369 2483 487 2546 inverso
512 2495 589 2547 certe
612 2481 716 2547 ordine
741 2481 895 2547 dicendum
920 2481 989 2548 luit:
1013 2478 1054 2546 coi
1074 2482 1255 2570 τῆςψνχῆς

247 2599 301 2658 καὶ
323 2591 363 2658 coi
387 2601 451 2660 τῶν
474 2595 631 2681 ἐμψύχων
652 2598 759 2680 μόρια.
804 2599 857 2662 His
886 2597 923 2661 de
948 2600 1061 2675 causis,
1092 2597 1162 2661 dum
1186 2598 1253 2682 quis

244 2711 395 2776 meliorem
418 2723 447 2776 et
469 2709 627 2777 feliciorem
645 2713 876 2780 emendationem
892 2714 1007 2790 efferat,
1032 2707 1166 2796 legerim:
1187 2710 1254 2794 μά-

247 2824 340 2890 λιστα
357 2825 387 2889 δ’
398 2825 440 2889 ἄν
450 2851 477 2889 c.
492 2850 519 2890 τ.
534 2850 561 2890 τ.
577 2851 602 2890 a.
617 2850 646 2892 υ.
658 2852 691 2910 μ.
702 2852 730 2893 κ.
741 2851 768 2891 τ.
781 2851 807 2892 τ.
819 2841 858 2916 ψ.
874 2824 1034 2913 πάρεγγυς
1049 2823 1139 2903 ὄντα,
1154 2825 1253 2910 ἄμφω

245 2943 418 3020 γίγνεσθαι
434 2945 488 3004 καὶ
501 2940 600 3006 dccci.
612 2987 619 3006 .
633 2987 661 3004 ..
684 2944 741 3007 hoc
757 2967 860 3009 sensu:
884 2947 1009 3008 maxime
1026 2957 1123 3008 autem
1139 2955 1168 3006 ct
1182 2953 1254 3006 actu

247 3068 276 3120 et
298 3059 432 3140 potentia
453 3057 515 3122 lieri
538 3058 678 3123 dicuntur
693 3081 743 3124 eae
758 3072 857 3146 partes
874 3061 1051 3136 animalium,
1076 3081 1152 3145 quae
1162 3058 1253 3142 juxta

247 3174 360 3236 animae
383 3185 481 3257 partes
503 3175 618 3258 positae
641 3176 703 3238 sive
727 3175 764 3238 ab
789 3178 901 3239 animae
924 3175 1059 3260 partibus
1077 3195 1136 3237 non
1156 3170 1252 3237 divul·
1372 3207 1373 3224 κ

247 3309 297 3351 sae
320 3289 387 3350 sint.
422 3288 527 3351 Anima
551 3291 647 3353 aulem
672 3292 700 3350 in
724 3290 863 3355 hocloco
885 3289 961 3354 idem
985 3290 1044 3355 lere
1068 3287 1150 3375 qnod
1172 3290 1251 3373 prin-

247 3406 355 3491 cipium
380 3403 515 3467 movendi
540 3403 688 3468 declarare
710 3403 843 3483 videtur,
872 3406 953 3493 quod
982 3404 1121 3470 movendi
1144 3405 1252 3491 princi·

246 3521 329 3605 pium
352 3522 382 3582 in
406 3519 554 3583 nonnullis
578 3519 752 3584 animalibus
775 3543 836 3584 non
859 3523 889 3584 in
906 3533 1002 3586 'unum
1023 3533 1165 3608 punctum
1182 3541 1251 3584 con·

246 3646 388 3712 tractum,
420 3635 472 3700 sed
500 3638 539 3699 ita
563 3657 617 3722 per
639 3649 735 3702 totum
759 3657 867 3723 corpus
891 3635 1065 3724 dissipatum
1090 3649 1147 3713 est,
1178 3648 1251 3700 uta

246 3751 369 3836 singulis
398 3751 533 3837 partibus
561 3754 647 3816 etiam
672 3753 780 3816 avulsis
807 3766 950 3817 servetur.
996 3753 1175 3817 Accusatius
1197 3750 1250 3814 illis

246 3861 381 3951 partibus
405 3861 515 3951 ψνχήν
538 3862 707 3952 apamenis
730 3871 784 3931 καὶ
800 3861 992 3952 αἰσθητικὴν
1007 3871 1101 3934 inesse
1116 3868 1170 3935 Ar.
1185 3888 1251 3954 pcr-
