2784 4606
554 317 680 381 ν39

576 404 734 416 „mm

221 499 318 568 1023l
336 497 388 566 26.
411 495 507 562 “Olor
529 496 653 576 λέγεται
676 488 717 561 οὗ
737 518 772 558 cc
797 497 906 581 μηθὲν
928 492 1042 577 ἄπεστι
1063 497 1159 581 μόρος

94 679 99 694 ,
150 609 256 696 ἐξιόν
278 615 404 695 λέγεται
425 612 504 680 ὅλον
527 612 630 700 φύσει.
664 613 726 676 Ηοο
749 614 778 676 iu
803 585 1157 700 definitioncipsalnrem

150 732 344 798 deliniendam
366 731 462 796 rcdirc
486 741 619 817 apparet.
657 727 750 813 Quam
770 729 978 816 negligentiam
994 733 1048 794 etsi
1065 732 1159 795 omni·

149 849 206 914 bus
231 871 269 912 cx
291 849 365 911 locis
389 847 496 932 expelli
521 868 579 910 non
602 867 692 930 posse
709 844 784 909 hene
801 848 950 930 cognitum
968 845 1074 923 habeo,
1099 846 1158 911 hoc

149 977 246 1028 tamen
270 965 299 1026 in
322 963 389 1028 loco
413 983 500 1049 aegre
518 961 591 1037 lero,
616 963 685 1047 quia
701 959 791 1024 verba
815 959 850 1038 ἕξ
866 954 911 1024 οἷν
927 959 1021 1044 φύσει
1036 957 1155 1048 (oppos.

150 1076 252 1168 τέχνῃ)
286 1080 328 1142 rei
353 1079 415 1166 jam
444 1075 655 1142 satisfacerent.
701 1075 840 1151 Accedit,
878 1075 960 1162 quod
988 1075 1158 1142 Alexander

149 1193 227 1258 ὅλον
249 1191 344 1277 mdccc
365 1195 482 1257 inverso
502 1191 606 1256 ordine
623 1192 761 1256 habuisse
783 1189 929 1256 videatur.
968 1191 1039 1256 Inde
1060 1195 1158 1277 suspi-

150 1331 201 1376 cor
215 1308 305 1374 verba
328 1307 452 1386 λέγεται
469 1305 546 1372 ὅλον
567 1329 604 1371 ox
622 1295 707 1370 initio
724 1308 828 1391 capitis
845 1328 899 1393 pcr
914 1305 1026 1370 librarii
1040 1308 1156 1394 lapsum
1191 1377 1196 1384 ¹

150 1425 219 1488 olim
241 1426 366 1509 repetita
389 1445 461 1488 esse.
1011 1417 1012 1420 '

217 1537 316 1604 1024t
332 1537 362 1602 d.
387 1535 434 1600 dcc
456 1533 498 1610 ὡς
516 1535 551 1600 όν
566 1546 632 1608 τοῖς
648 1534 754 1616 λόγοις
768 1533 804 1601 cd
821 1539 950 1620 πρῶτον
965 1535 1156 1620 ἐνυπάρχον,

148 1655 167 1718 ὅ
190 1653 314 1733 λέγεται
336 1651 370 1716 όν
392 1653 436 1738 τῷ
457 1655 488 1720 ci
510 1649 589 1726 doct,
616 1654 711 1716 τοῦτο
733 1654 834 1730 γένος.
881 1650 955 1716 Cum
980 1649 1076 1732 λόγος
1099 1653 1157 1718 hoc

146 1773 212 1836 loco
252 1772 346 1855 ipsam
384 1767 582 1836 definitionem
614 1761 770 1850 (ὁρισμὸν)
809 1766 956 1854 designet,
996 1767 1156 1833 absurdius

148 1887 200 1951 Ar.
226 1884 348 1949 diceret:
377 1896 529 1971 praetereo
552 1886 582 1946 in
606 1881 826 1948 delinitionibus
850 1885 944 1972 prima
968 1906 1052 1970 pars,
1081 1885 1157 1972 quac
1268 1945 1273 1950 .

147 2004 179 2066 iu
207 1999 375 2068 definitione
405 1999 530 2066 dicatur.
578 1998 617 2064 Ut
645 2001 736 2085 igitur
759 2020 819 2063 non
844 1998 965 2077 dubito,
997 2003 1067 2087 quin
1091 2023 1156 2065 cor·

146 2129 235 2202 rupta
259 2119 297 2182 sit
321 2113 439 2202 vulgata
463 2115 560 2192 lectio,
585 2117 625 2178 ita
642 2115 766 2191 haesito,
791 2137 865 2202 quae
880 2115 968 2182 lectio
986 2115 1022 2182 ab
1038 2115 1155 2182 Aristo·
1235 2167 1244 2180 .

146 2231 212 2296 telis
240 2252 329 2296 manu
358 2229 490 2316 prosecta
520 2233 567 2296 sit.
614 2230 686 2296 Leni
715 2229 840 2296 fortasse
866 2231 977 2296 medela
999 2231 1155 2318 legendum

147 2359 206 2412 est:
231 2346 251 2410 ὅ
274 2343 397 2423 λέγεται
420 2347 503 2409 εἶναι
525 2339 560 2408 τό
585 2346 616 2408 cl
637 2343 715 2421 ὅσοι,
739 2346 841 2410 τοῦτο.
856 2391 883 2410 ..
923 2347 977 2412 Hic
1002 2349 1077 2413 euim
1101 2347 1153 2414 Ar.

146 2465 297 2528 notionem
325 2460 382 2526 τοῦ
403 2462 434 2524 cl
455 2459 520 2524 ἔστι
548 2461 770 2547 angustioribus
793 2462 902 2528 finibus
925 2465 1155 2529 ita‘coercuissc
1171 2497 1203 2543 „a

146 2577 277 2654 videtur,
302 2590 337 2642 ut
359 2576 484 2642 duarum
507 2580 634 2662 partium
660 2590 780 2644 exactae
805 2576 982 2646 delinitionis
1005 2581 1155 2667 posterior

147 2692 339 2786 differentiam
355 2693 518 2779 specificam
533 2696 684 2758 continens
702 2693 871 2780 qualitatem
888 2693 1056 2778 (ποιόοηοα
1070 2719 1099 2759 v.
1108 2693 1153 2774 6),

146 2812 230 2897 prior
252 2830 344 2896 genus
374 2807 524 2876 declarans
559 2812 652 2895 ipsum
679 2822 815 2876 natiuam
844 2804 893 2889 (cd
916 2813 946 2874 τό
969 2808 1046 2890 tua)
1059 2804 1081 2890 ¹)
1110 2812 1154 2876 in·

148 2924 232 2992 dicet.
417 2929 423 2936 '

215 3037 314 3104 lotch
327 3037 381 3103 25.
405 3036 500 3117 λόγος
523 3037 560 3100 δὲ
582 3034 709 3122 ψευδής
732 3037 750 3102 ὃ
773 3039 837 3103 τῶν
850 3035 893 3124 pa>
916 3038 1018 3104 ὅνοον
1032 3034 1054 3130 pl
1070 3051 1155 3121 ψευ-

147 3155 213 3241 όής.
240 3153 422 3220 Sententiam
445 3154 616 3240 perplexam
637 3175 699 3220 esse
716 3153 870 3220 Bonitnios
886 3167 987 3239 aperte
1003 3158 1152 3240 exposuit,

147 3271 199 3338 scd
226 3271 319 3338 facilis
343 3283 388 3338 cst
409 3260 554 3336 medicina
577 3269 669 3334 verbo
699 3268 823 3356 ψευδής
845 3273 874 3334 in
899 3269 1006 3357 ψενόῆ
1029 3282 1152 3336 mutato.

144 3387 219 3453 Nam
243 3409 308 3452 cum
325 3387 376 3452 Ar.
399 3372 500 3472 priore
525 3388 628 3471 capitis
651 3399 749 3470 parto,
774 3407 919 3472 quaeres
943 3385 1031 3465 salsae
1055 3385 1155 3450 dicen·

146 3503 201 3568 dac
223 3506 297 3581 sint,
317 3504 380 3588 jam
403 3500 588 3578 declarasset,
613 3522 691 3569 nunc
715 3501 878 3568 orationem
902 3498 1026 3582 (λόγον)
1049 3500 1153 3571 salsam

204 3766 223 3834 ²)
242 3765 260 3818 ’.λ
280 3781 301 3818 c.
315 3762 378 3820 Xll.

203 3861 222 3929 ¹)
246 3860 278 3916 ef.
298 3859 453 3934 Schwcgler,
471 3859 580 3931 metaph.
593 3858 640 3925 IV,
652 3857 713 3916 3⁷8.
