2784 4606
536 365 539 369 ·
580 337 736 434 ‚aa

153 513 262 580 Bronti.
292 513 384 579 Beirlr.
412 514 487 578 Bon.
512 511 678 600 Sshwegi.;
708 512 760 578 sed
788 511 854 578 aod.
875 511 920 577 ¹Ab
949 511 1070 598 praebet
1092 510 1158 577 v.¹3

153 630 184 692 si
203 624 265 712 reip
289 625 332 713 μή
357 624 525 713 ἀληθεύει,
549 652 578 692 v.
596 626 615 692 5
640 625 765 711 μᾶλλον
780 622 939 711 ἀληθεύει
954 621 1006 712 ἢὸ
1023 625 1159 702 ἐκείνως.

153 743 213 810 Sed
236 745 403 819 videamus,
429 744 500 832 quid
522 757 637 838 veteres
661 756 920 827 commentatores,
950 745 1159 808 arerentiori-

110 877 113 884 ·
152 859 211 924 bus
235 859 400 924 editoribus
424 860 471 924 hio
494 859 567 923 maie
590 859 730 943 neglecti,
758 860 891 946 legerint.
937 859 1036 946 Atque
1058 871 1159 947 poste·

154 977 233 1040 rioro
255 976 321 1040 loeo
338 976 424 1040 Alex.
449 996 514 1040 oum
539 973 604 1038 eod.
622 974 664 1039 Ab
681 977 846 1039 consentire
867 975 1020 1039 manifesto
1036 987 1160 1060 apparet

154 1112 193 1154 ex
215 1093 308 1174 ipsius
323 1089 438 1154 verbisa
461 1086 587 1172 μᾶλλον
608 1091 667 1170 μὲν
691 1084 868 1173 ἀληθεύειν
890 1085 947 1153 τὸν
969 1088 1038 1172 ἅμα
1061 1087 1159 1172 ἄμφω

154 1201 431 1287 ὑπολαμβάνοντα
447 1204 504 1267 τοῦ
520 1204 645 1277 ἐκείνως
660 1201 956 1288 ὑπολαμβάνοντος.
987 1204 1047 1268 Nee
1063 1206 1159 1268 minus

154 1332 254 1406 aperte
276 1321 393 1405 Aseiep.
418 1322 447 1382 in
471 1323 570 1406 priore
594 1320 659 1384 loeo
684 1333 753 1384 curn
774 1320 840 1384 eod.
863 1321 905 1384 Ab
927 1322 1090 1402 conspirat3
1115 1321 1160 1382 in·

155 1437 263 1500 certius
287 1448 345 1507 est,
373 1433 445 1520 quid
468 1435 554 1499 Alex.
579 1436 637 1498 hoe
660 1438 690 1498 in
714 1439 812 1520 priore
836 1436 900 1500 loeo
926 1435 1078 1511 habuerit3
1107 1433 1160 1498 sed

155 1571 192 1614 ne
215 1569 281 1613 eum
305 1549 423 1636 quidem
446 1550 532 1614 aliam
555 1551 709 1616 lectionem
735 1573 767 1616 ae
791 1550 856 1615 eod.
875 1550 918 1614 Ab
940 1563 1072 1615 secutum
1097 1571 1160 1614 esse

154 1665 227 1729 mihi
252 1667 348 1729 aerius
371 1667 435 1750 ejus
457 1665 547 1730 verba
570 1667 736 1752 inspicienti
759 1668 902 1750 persuasi.
941 1664 1026 1729 Nune
1049 1667 1160 1728 exami-

155 1801 273 1857 nemus,
303 1780 374 1868 quid
397 1803 500 1846 sensus
529 1781 669 1867 postulet.
715 1780 814 1868 Atque
838 1782 963 1866 primum
985 1782 1016 1842 in
1039 1779 1160 1865 vulgata
1192 1855 1194 1858 ¹

154 1896 279 1960 lectione
302 1896 351 1961 iiia
366 1895 457 1960 verbe
480 1895 541 1980 ἤδη
564 1919 642 1970 πως
665 1893 733 1975 ἔχοι
756 1893 798 1960 ἄν
814 1892 854 1958 τοὶ
876 1894 953 1960 ὄντα
969 1895 1053 1960 vaide
1069 1894 1160 1960 offen·

156 2010 239 2077 dunt.
286 2011 359 2076 Nam
389 2014 414 2074 si
444 2009 605 2076 adversarii
635 2034 718 2088 eunt,
748 2013 798 2098 qui
829 2023 881 2075 aut
907 2012 984 2075 hane
1009 2024 1061 2076 aut
1082 2011 1159 2076 iiiam

155 2148 253 2191 rernm
275 2139 411 2192 naturam
435 2122 468 2210 (ἢ
490 2122 575 2204 ἔχειν
597 2127 617 2210 ἢ
639 2123 681 2211 μὴ
705 2124 802 2207 ἔχειν)
821 2149 884 2192 esse
900 2126 1032 2202 affirmet,
1057 2148 1159 2190 verum

158 2240 252 2306 dicere
281 2241 458 2333 concedent,
488 2262 548 2305 non
574 2243 634 2327 jani
666 2243 763 2329 aiiqua
793 2265 831 2306 ex
859 2254 942 2328 parte
973 2265 1019 2306 res
1048 2243 1159 2305 incerto

155 2357 268 2422 flumini
299 2369 452 2444 exemptae
479 2369 563 2433 sunt,
594 2356 646 2421 sed
670 2360 803 2444 quaestio
828 2357 964 2423 absoluta
988 2372 1032 2422 est
1055 2357 1160 2422 omnis.

158 2473 273 2556 Quodsi
296 2475 345 2538 hie
366 2474 522 2538 lectionem
537 2472 623 2537 Aiex.
649 2486 678 2536 et
700 2473 765 2537 cod.
782 2475 824 2539 Ab
846 2466 1004 2556 α’ληθεύει
1018 2473 1039 2557 ἢ
1055 2469 1073 2535 ὃ
1091 2493 1161 2558 pro-

156 2587 283 2665 baveris,
307 2611 344 2654 ne
366 2589 424 2654 iliio
449 2587 565 2675 quidem
582 2588 732 2674 vulgatam
754 2590 907 2654 lectionem
932 2590 1050 2652 retineri
1073 2608 1161 2673 posse

153 2705 214 2789 jam
244 2717 335 2791 patet.
382 2703 442 2768 Sed
472 2707 558 2768 etiam
587 2726 603 2766 a
628 2703 718 2768 rebus
741 2706 813 2790 ipsis
837 2705 958 2788 vulgata
980 2704 1067 2766 lectio
1091 2725 1161 2788 pro·

157 2819 286 2903 fligatur.
331 2819 406 2884 Nam
429 2822 453 2882 si
478 2819 650 2882 infitiatores
677 2821 816 2905 principii
844 2817 1162 2883 contradictionissue

158 2947 321 2998 commenta
345 2958 382 3000 ex
404 2955 502 2998 rerum
525 2946 631 2998 natura
655 2934 843 3009 confirmant,
874 2955 940 3009 eur,
972 2955 1099 3020 quaeso,
1130 2931 1162 2996 id

158 3062 203 3113 est
225 3049 363 3137 fugientis
385 3053 529 3114 rationem
552 3071 613 3112 non
632 3046 780 3113 reddentis
790 3043 820 3128 ¹),
851 3048 1005 3112 Aristoteli
1027 3049 1161 3132 inprimis

159 3168 301 3230 orationis
325 3169 476 3232 veritatem
505 3187 543 3228 ex
572 3183 668 3228 rerum
692 3176 798 3228 natura
822 3157 989 3242 metienti¹).
1037 3161 1162 3227 Servata

159 3282 249 3367 igitur
270 3281 395 3345 lectione
418 3279 484 3344 eod.
500 3279 542 3345 Ab
559 3291 588 3343 et
610 3291 742 3343 veterum
765 3289 1040 3355 commentatorum,
1070 3277 1162 3344 verba

159 3396 237 3460 hune
260 3398 290 3462 in
313 3396 433 3462 modum
456 3399 696 3480 interpretamur:
716 3395 778 3478 jam
801 3383 826 3458 si
848 3415 927 3469 eom,
953 3396 1004 3479 qui
1019 3405 1072 3457 aut
1086 3392 1162 3456 hane

159 3523 211 3576 aut
240 3511 317 3577 iiiam
347 3533 444 3576 rerum
472 3521 608 3576 naturam
631 3529 694 3574 esse
718 3508 858 3584 affirmet,
888 3529 985 3574 errare
1008 3529 1062 3575 vos
1092 3529 1163 3572 eon·

218 3773 237 3839 ¹)
261 3773 362 3828 Bonita.
381 3791 402 3828 a.
416 3771 440 3827 h.
454 3773 471 3826 l.

216 3870 236 3940 ·)
261 3871 293 3924 oi.
312 3871 366 3926 (iat.
386 3890 406 3926 e.
420 3869 481 3936 ΧΠ,
496 3867 540 3924 14⁵
552 3867 599 3936 18,
618 3869 728 3940 metaph.
741 3863 864 3936 9931230,
883 3875 908 3925 et
927 3865 1106 3924 1⁰51bt-8.

950 3964 968 4022 a
