2784 4606
571 353 730 454 A

147 533 212 600 teu
242 535 463 620 interpretatio,
496 553 584 620 mam
612 545 771 620 praeeunte
798 529 970 597 Alexandro
999 529 1154 596 Bonitzius

148 649 184 716 de
212 651 333 714 unitatis
361 651 565 736 essentiaeque
595 637 733 712 serietate
760 669 813 712 nee
837 649 866 711 in
889 648 1078 734 generatione
1101 667 1155 710 nee

147 765 327 832 in'interitn
356 777 445 852 rupta
473 769 685 852 interpretatus
715 766 859 840 instituit,
889 763 960 828 mihi
983 763 1154 849 neutiquam

146 880 303 967 probatur.
348 880 421 945 Nam
452 903 517 946 eum
551 885 580 944 in
610 879 781 966 separandis
810 879 899 944 rebus
928 881 1048 966 utrique
1076 879 1155 962 parti

148 1015 274 1082 aequum
293 996 344 1080 jus
367 995 557 1062 tribuendum
581 999 634 1072 sit,
660 1018 712 1060 nee
736 996 825 1059 altera
849 1017 895 1060 res
919 998 980 1059 sine
1005 994 1095 1058 altera
1113 991 1156 1055 di·

148 1111 215 1176 veili
238 1114 347 1197 possit,
373 1113 458 1198 qnid,
482 1133 602 1199 quaeso,
624 1111 758 1198 putidius
782 1113 957 1198 inaniusque
973 1109 1042 1174 addi
1058 1111 1157 1194 potuit

149 1247 239 1314 mern
267 1219 386 1309 ὁμοίως
415 1197 681 1292 aenoandron
705 1221 799 1301 dude?
829 1227 891 1290 Hae
915 1227 951 1290 de
975 1247 1060 1290 eausa
1085 1225 1156 1286 mihi

149 1355 267 1407 constat
294 1341 332 1408 ad
360 1341 555 1427 χωρίζεσθαι
582 1345 744 1430 genitivum
767 1337 920 1426 otietur
942 1341 1073 1427 suppleri
1095 1359 1156 1404 mou
1245 1389 1247 1394 ,

149 1477 255 1544 posse3
286 1457 338 1522 sed
362 1479 427 1522 eum
452 1458 532 1523 aliud
555 1459 626 1546 quid
650 1459 781 1545 suppleri
805 1471 946 1544 nequeat,
975 1478 1034 1519 non
1058 1455 1155 1530 video,

150 1572 302 1660 quomedo
326 1574 413 1638 ieetie
434 1574 553 1661 vulgata
579 1573 693 1638 defendi
717 1577 821 1660 possit.
856 1573 963 1660 Spreta
986 1574 1078 1658 igitur
1093 1570 1158 1634 vul·

149 1701 221 1774 gata
244 1687 280 1752 ad
304 1687 457 1754 lectionem
482 1689 661 1754 deteriorum
684 1689 771 1754 oodd.
788 1688 927 1750 HSTG
949 1683 1008 1766 οὐχ
1022 1679 1158 1771 ὅρίζεται

150 1803 300 1891 ooniugio.
346 1801 406 1868 Sed
429 1825 465 1868 ne
489 1805 545 1869 hae
568 1805 685 1892 quidem
710 1827 741 1870 re
765 1805 886 1868 muitum
910 1803 1066 1879 lucramur,
1092 1825 1157 1866 cum

151 1922 296 2006 quaestio,
321 1940 381 2005 quo
404 1932 492 2005 paeto
510 1921 601 1985 verba
625 1920 798 2007 explicanda
815 1923 890 1995 sint,
914 1941 974 1982 non
993 1915 1157 1982 minoribus

152 2033 374 2100 difficultatibus
408 2037 522 2099 irretita
556 2039 604 2100 sit.
653 2036 751 2122 Atque
785 2035 868 2100 iaoile
898 2038 945 2098 eui
974 2037 1003 2097 in
1034 2047 1158 2097 mentem

152 2152 251 2214 venire
279 2163 393 2236 petest,
422 2150 648 2215 reconditioram
673 2151 820 2238 quandam
845 2149 1039 2215 Aristoteleae
1062 2147 1159 2235 philo-

153 2265 275 2352 sophiae
298 2277 428 2351 partem,
454 2288 491 2331 ex
516 2287 573 2353 qua
598 2279 626 2330 et
648 2268 831 2352 generationi
856 2279 884 2328 et
907 2266 1090 2350 corruptioni
1115 2283 1159 2326 es-

153 2383 246 2469 sentia
280 2380 423 2467 quaedam
453 2381 603 2446 substrata
632 2385 670 2446 sit
683 2376 719 2464 ¹),
756 2382 814 2446 hue
837 2380 1035 2455 trahendam,
1072 2391 1160 2464 atque

152 2497 232 2560 hune
254 2517 371 2560 sensum
394 2517 432 2560 ex
456 2497 565 2561 nostris
583 2496 682 2561 verbis
707 2495 879 2561 eliciendum
902 2518 980 2560 esse:
1004 2515 1098 2580 neque
1122 2489 1178 2556 ex'

153 2614 358 2698 generatione,
392 2633 486 2698 neqne
516 2635 553 2678 ex
583 2615 773 2698 corruptione
802 2613 927 2676 essentia
956 2611 1075 2675 exeiusa
1106 2621 1159 2674 est·

153 2727 194 2792 m
222 2748 287 2792 eum
317 2749 377 2790 rem
407 2739 537 2812 apertam
566 2732 694 2814 proponi
722 2731 914 2814 praemissum
945 2724 1083 2810 »didon«
1117 2728 1162 2788 in-

155 2842 247 2920 dicet,
278 2865 332 2906 nee
356 2842 446 2906 verba
476 2843 558 2908 iaeile
587 2848 616 2908 in
646 2844 723 2908 hune
754 2865 871 2908 sensum
900 2835 1069 2930 detorqueri
1092 2863 1161 2928 pos·

155 2960 228 3034 sint,
253 2958 337 3022 aliam
354 2961 431 3022 viam
455 2959 614 3045 ingredior.
654 2959 794 3046 Singulae
811 2983 867 3036 res,
892 2981 957 3022 eum
973 2959 1161 3045 generatione

154 3085 357 3159 procreentur,
382 3075 502 3139 interitu
526 3087 717 3170 evanescant,
742 3087 875 3159 tempore
899 3077 975 3139 iuter
997 3076 1162 3160 generatio·

154 3209 220 3254 nem
250 3201 279 3252 et
313 3189 461 3253 interitum
490 3191 688 3254 intereedente
718 3213 781 3254 esse
806 3192 874 3275 juro
905 3190 1059 3265 dicuntur3
1094 3188 1161 3253 ideo

154 3299 191 3367 ed
215 3305 253 3368 ἂν
280 3325 375 3391 neque
405 3309 434 3369 in
463 3309 653 3393 generatione
682 3327 777 3394 neque
807 3311 836 3371 in
864 3307 985 3371 interitu
1015 3306 1161 3380 definitur,

155 3420 357 3506 sedspatium
381 3425 458 3486 iuter
480 3422 535 3486 hos
559 3425 699 3486 terminos
721 3422 866 3486 ioelusum
891 3425 1030 3507 proprius
1052 3423 1162 3484 entium

157 3555 276 3621 campus
305 3549 358 3602 est.
406 3535 515 3601 Eadem
544 3541 659 3602 ratione
683 3537 781 3624 aliqua
805 3559 852 3601 res
876 3559 934 3602 una
959 3559 1021 3601 esse
1045 3536 1161 3611 dieitur,
1208 3551 1209 3558 ¹

156 3652 261 3736 sijum
285 3675 324 3717 ex
345 3653 458 3716 inserto
482 3655 680 3739 generationis
703 3674 846 3739 processu
868 3656 897 3716 in
915 3664 1023 3717 certam
1040 3650 1162 3715 sormam

157 3766 295 3843 exsuita,
319 3767 443 3832 necdum
467 3767 504 3832 ad
527 3773 722 3855 privationem
746 3769 856 3834 formae
878 3769 997 3834 redacta
1021 3779 1073 3833 est.

217 3921 236 3988 ι)
262 3919 295 3976 er.
313 3929 343 3977 r.
361 3941 382 3977 e.
392 3925 426 3989 v,
445 3921 656 3982 menes-m
