2782 4612
643 327 801 425 ’,ι-ε-

216 507 306 576 verba
330 490 374 595 ιῷἷ
397 503 560 588 ἀνάλογον
582 503 625 583 ὡς
645 539 688 554 w
709 503 782 570 edelr
812 507 907 593 primo
937 507 974 572 ab
998 507 1159 576 Aristotele
1188 509 1226 576 ad

217 627 370 712 sequentia
393 619 433 687 cci
456 626 516 706 μὲν
536 663 571 676 -
589 621 671 708 ὕλην
693 625 722 686 ἰο
746 625 877 711 margine
899 622 1028 710 adjecta,
1059 624 1164 690 deinde
1188 626 1225 692 ab

218 740 380 805 editoribus
405 742 500 804 alieno
524 740 589 804 loco
614 738 898 814 incontaminata,
926 751 1076 824 postremo
1100 739 1227 827 denique
1252 811 1266 856 p

217 855 369 942 particulis
404 847 476 919 ἀλλ’
508 856 528 939 ἢ
556 877 622 920 curn
657 857 801 940 proximis
831 851 930 918 verbis
965 855 1124 938 conjuncta
1153 877 1222 922 case.

217 970 318 1047 Vides,
344 985 469 1058 quantas
492 970 597 1036 turbas
621 973 756 1057 imperita
781 968 903 1034 editoris
922 990 1023 1032 manus
1039 972 1225 1036 excitaverit!

286 1084 384 1152 1051·
402 1085 454 1151 29.
484 1083 566 1148 ὥστε
593 1079 737 1170 φανερὸν
759 1081 809 1147 eice
836 1078 876 1146 coi
908 1078 1044 1166 δυνάμει
1073 1079 1153 1148 ὄντα
1181 1086 1227 1162 εἰς

217 1200 378 1287 ἐνέργειαν
394 1196 582 1283 ἀναγόμενα
605 1193 792 1285 celeiensem.
826 1199 930 1261 αἴτιον
954 1193 984 1260 δ’
1007 1195 1056 1260 ὅτι
1077 1199 1185 1282 νόησις
1206 1197 1226 1285 ἢ

217 1316 371 1400 ἐνάργεια·
402 1307 480 1378 ὥστ’
502 1314 538 1391 ἐξ
567 1313 725 1399 ἐνεργείας
753 1311 771 1397 ἢ
795 1311 946 1393 δύναμις·
975 1315 1030 1374 καὶ
1053 1308 1109 1375 διά
1131 1317 1226 1378 τοῦτο

216 1434 381 1504 ποιοῦντες
402 1430 642 1510 γιγνώσκουσιν·
666 1427 798 1511 ὕστερον
814 1422 876 1508 γάρ
898 1429 1018 1506 γενέσει
1039 1423 1059 1511 ἡ
1084 1426 1227 1511 ἐνέργεια

216 1543 235 1631 ἢ
258 1538 331 1609 κατ’
346 1537 502 1630 άριθμόν.
535 1545 642 1609 Merito
660 1542 816 1608 Bonitzius
839 1543 974 1618 haesitat,
1000 1543 1151 1628 quomodo
1176 1567 1227 1610 ex-

216 1675 309 1726 trema
332 1663 486 1737 sententia,
510 1660 653 1745 particula
677 1654 738 1743 γάρ
752 1658 961 1745 agglutinata,
987 1679 1052 1722 cum
1075 1659 1226 1745 prioribus

218 1779 383 1843 cohaereat.
422 1776 482 1840 Nec
507 1773 658 1840 commode
682 1772 889 1860 praecedentes
913 1774 1073 1837 sententiae
1096 1770 1176 1837 cioca
1190 1772 1226 1850 ἐξ

217 1891 377 1973 ἐνεργείας
404 1884 423 1975 ἢ
449 1885 586 1972 δύναμις
610 1902 638 1954 et
661 1890 716 1952 καὶ
732 1919 772 1930 --
788 1884 1014 1966 γιγνώσκουσιν
1037 1908 1068 1952 ae
1093 1891 1227 1975 excipere

218 2007 371 2084 videntur,
402 2005 546 2091 siquidem
575 2005 724 2091 posterior
747 2003 839 2068 multo
863 1981 955 2088 tnagis
979 1981 1097 2066 causam
1120 2005 1227 2089 prioris

217 2123 336 2204 indicat.
372 2122 472 2208 ltaque
497 2120 621 2185 sortasse
637 2122 763 2184 inverso
788 2115 891 2182 ordine
914 2116 1070 2204 legendum
1090 2130 1134 2182 est
1149 2115 1227 2182 aiore

223 2278 257 2289 -
276 2229 468 2320 εὕρίοκεεαι·
492 2239 546 2298 καὶ
569 2235 626 2299 διὰ
645 2237 739 2298 rorico
763 2235 929 2307 ποιοῦννες
954 2227 984 2311 (i.
1004 2256 1027 2296 e.
1049 2228 1108 2306 τάς
1121 2257 1226 2318 γραμ-

216 2347 280 2434 μάς
297 2351 431 2432 δυνάμει
447 2345 547 2424 οὔσας
558 2351 602 2424 εἰς
611 2349 772 2432 ἐνέργειαν
784 2344 969 2430 ἀνάγοντες)
985 2345 1226 2428 γιγνώσκουσιν·

219 2464 299 2534 cioca
321 2463 357 2542 ἐξ
381 2453 539 2550 ἐνεργείας
561 2460 579 2548 ἢ
604 2458 749 2545 δύναμις.
794 2461 855 2526 Sed
884 2483 950 2526 cum
979 2463 1051 2527 baec
1075 2464 1226 2528 conclusio

219 2603 284 2644 cum
313 2581 436 2666 singulis
465 2580 570 2654 rebus,
599 2581 628 2642 in
660 2578 768 2666 qulbus
795 2579 929 2663 potentia
952 2579 1030 2640 actui
1053 2578 1227 2663 praecedere

218 2697 320 2770 soleat,
344 2717 478 2782 pugnare
494 2693 639 2771 videatur,
664 2695 863 2767 burensem,
889 2713 941 2756 cur
955 2695 986 2755 in
1008 2692 1098 2758 rebus
1118 2694 1225 2758 matbe-

219 2813 331 2875 maticis
355 2809 430 2874 ordo
453 2814 627 2885 invertatur,
652 2807 766 2872 addidit
788 2807 834 2870 his
857 2807 970 2872 verbis:
989 2810 1102 2874 »αἴτιον
1126 2806 1158 2872 d'
1181 2807 1230 2872 ὄιι

218 2925 324 3010 νόησις
346 2922 365 3009 ἢ
388 2924 543 3008 ἐνέργεια·
568 2920 599 3005 (ἰ.
617 2945 642 2988 e.
667 2945 756 2988 causa
780 2927 880 2986 autem·
900 2925 930 2986 in
954 2944 989 2986 eo
1014 2923 1158 2988 collocata
1173 2935 1224 2999 cst,

220 3040 301 3126 quod
324 3040 372 3104 bic
395 3039 513 3127 quidem
537 3053 621 3105 actus
645 3042 785 3127 cogitatio
805 3034 861 3118 est)
883 3036 1016 3121 ὕστερον
1029 3032 1094 3123 γάρ
1109 3039 1247 3117 γενέσει.

218 3152 237 3239 ἢ
261 3154 401 3236 ἐνέργεια
424 3153 443 3240 ᾗ
466 3151 537 3218 κατ’
562 3151 705 3240 ἀριθμόν
728 3149 764 3235 (i.
785 3175 809 3218 e.
836 3153 916 3240 quod
946 3157 1021 3219 enim
1046 3153 1084 3218 ad
1107 3175 1227 3240 gencra-

221 3272 329 3334 tiouem
353 3272 465 3345 attinet,
490 3282 572 3334 actus
596 3273 744 3356 posterior
764 3280 808 3333 est
829 3270 1011 3357 singularum
1035 3272 1160 3354 quisque
1182 3290 1227 3334 re-

219 3382 306 3467 rum).
343 3383 457 3468 Quodsi
481 3383 604 3448 articulo
629 3381 647 3468 'l
671 3381 792 3467 (νόησις
814 3380 833 3468 ἡ
854 3382 969 3468 ἐνέργ.)
992 3386 1153 3448 acutiorem
1169 3386 1226 3446 vim

219 3499 326 3576 tribui,
351 3500 408 3563 hoc
432 3499 468 3563 de
491 3499 635 3566 industria
659 3499 722 3564 leci.
759 3490 978 3590 Sbepepumero
995 3501 1069 3563 eninr
1086 3497 1138 3562 Ar.
1156 3519 1225 3574 rem,

220 3613 256 3680 de
279 3636 338 3701 qua
361 3617 468 3703 agitur,
493 3617 532 3679 ita
557 3637 637 3678 mero
661 3614 783 3680 articulo
808 3617 924 3702 pressit,
949 3627 982 3678 ut
1004 3614 1144 3680 articulus
1168 3617 1226 3678 vim

220 3733 402 3817 pronominis
427 3730 649 3796 demonstrativi
673 3744 786 3817 aequet,
811 3734 853 3796 sic
875 3727 985 3797 terto
1009 3722 1153 3814 φανερὸν
1168 3724 1227 3794 οὖν

219 3843 268 3908 ὅτι
283 3885 317 3898 -
334 3842 463 3930 ἁρμόζει
485 3850 540 3930 τῆς
562 3844 715 3931 ζητήσεως
736 3843 755 3910 ὃ
777 3844 892 3930 ιρόπος
914 3847 933 3909 ἰ.
955 3867 980 3910 e.
1000 3837 1094 3918 οὗτος
1109 3841 1126 3908 ὃ
1142 3844 1226 3928 εἰρη-

1190 3943 1207 3986 a
