2782 4612
132 593 137 602 .
239 533 377 602 turbatus
400 547 459 612 est,
485 547 519 600 ut
542 555 629 604 maun
652 537 828 600 correctoris
852 532 964 622 aliquid
988 531 1136 598 emendari
1161 553 1246 620 posse

240 649 401 738 desperem.
440 651 535 717 Multo
559 651 746 716 verisimilius
770 663 822 728 est,
851 649 904 716 Ar.
921 651 1000 716 hunc
1023 650 1130 715 librum
1155 662 1247 714 retra·

240 778 366 831 etantem
391 767 447 830 alia
474 766 623 852 adjecisse,
648 768 704 831 alia
721 769 891 838 immutasse
914 769 1148 854 correxissequc,
1173 787 1247 854 quae

240 901 305 946 cum
334 883 489 967 conjuncta
518 885 548 947 in
571 894 685 948 textum
709 883 789 948 illata
814 885 887 960 sint,
919 877 1051 947 ordinem
1076 879 1246 968 disputandi

238 996 396 1062 laceratum
421 1019 493 1062 esse.
547 1008 552 1024 '

309 1109 408 1176 ronti
424 1111 474 1177 18.
506 1121 635 1197 σημεῖον
663 1111 712 1176 δέ·
742 1149 776 1164 -
803 1108 884 1176 οὖσα
913 1108 945 1176 d'
958 1110 997 1177 οὔ
1020 1108 1062 1176 26
1080 1111 1247 1176 Verborum

247 1223 287 1310 »ἢ
309 1222 371 1310 reip
396 1225 560 1311 σοφιστικὴ
583 1228 762 1311 φαινομένη
784 1225 886 1310 μόνον
909 1230 1008 1311 σοφία
1030 1225 1111 1301 ἔστί,
1142 1229 1196 1289 καὶ
1218 1223 1248 1290 oi

242 1338 434 1420 declamasset
458 1338 662 1420 διαλέγονται
684 1345 757 1427 περὶ
779 1334 949 1417 ἁπάντων,
978 1334 1090 1406 κοινὸν
1112 1339 1148 1404 δὲ
1169 1344 1248 1404 πᾶσι

239 1452 276 1519 sd
298 1455 338 1520 dv
359 1453 458 1520 ἐστιν·
483 1453 689 1535 διαλέγονται
712 1455 749 1519 δὲ
771 1432 988 1538 περὶοούτων
1011 1453 1111 1538 δῆλον
1130 1453 1181 1518 ὅτι
1195 1451 1249 1518 διὰ

239 1565 275 1634 ed
304 1570 358 1654 τῆς
385 1568 580 1656 φιλοσοφίας
600 1572 684 1634 εἶναι
706 1567 790 1636 αὐτὰ
812 1572 935 1635 oleate·
966 1591 1054 1657 quam
1079 1569 1246 1656 difficillima

239 1687 278 1749 sit
312 1683 522 1761 conformatio,
557 1709 594 1750 ex
628 1687 820 1772 interpretum
856 1685 1062 1772 editorumque
1089 1683 1248 1750 'conatibus

241 1821 416 1886 cognosces,
446 1821 572 1888 quornm
602 1798 687 1886 Sylb.
711 1801 803 1866 Belalr.
828 1798 937 1864 Brand.
960 1800 1148 1886 parenthesin
1179 1812 1248 1884 post

240 1909 407 1990 ἁπάντων,
431 1914 677 1980 Wiukclmannus
706 1928 736 1979 et
758 1914 968 2002 Schweglerus
994 1927 1065 2000 post
1092 1913 1131 1979 ὄν
1153 1911 1247 1989 ἐστιν,

239 2027 394 2093 Bonitaius
424 2028 549 2115 denique
577 2031 673 2115 primo
702 2043 772 2116 post
802 2034 901 2114 σοφία
928 2029 994 2092 ἐστί
1016 2029 1115 2105 clusit,
1146 2041 1248 2115 postea

238 2165 363 2230 prorsus
392 2143 519 2209 sustulit.
567 2143 627 2208 Sed
655 2148 782 2232 primum
814 2142 1017 2223 διαλέγονται
1040 2142 1077 2206 δὲ
1097 2145 1138 2208 ita
1163 2146 1248 2206 unice
1381 2119 1382 2142 l

238 2258 483 2346 praecedentibus
517 2250 638 2324 ταύτὸν
665 2263 725 2344 μὲν
752 2259 948 2348 respondent,
984 2270 1018 2324 ut
1053 2261 1249 2345 interruptam

240 2377 403 2439 orationem
427 2395 513 2460 aegre
536 2373 637 2438 feram.
680 2376 792 2440 Deinde
814 2379 899 2461 prior
921 2395 989 2461 pars
1011 2365 1030 2458 ἦ
1053 2367 1115 2456 γὰρ
1133 2413 1169 2426 -
1184 2373 1250 2438 tect

239 2488 341 2554 iisdem
366 2488 425 2553 lere
441 2489 539 2555 verbis
562 2489 662 2577 paullo
685 2504 755 2578 post
778 2475 820 2556 2'6
841 2485 860 2575 ἢ
883 2488 920 2555 dl
944 2485 1107 2574 σοφιστικὴ
1130 2510 1248 2575 ‹pecvn-
1279 2541 1282 2548 ,
1380 2555 1381 2578 ,

238 2607 333 2689 μάνη,
362 2600 443 2668 οὖσα
467 2602 499 2670 δ’
522 2600 565 2670 οὔ
586 2609 743 2692 repetitur,
774 2609 923 2693 posterior
944 2627 1016 2668 vcro
1043 2608 1097 2668 eci
1123 2601 1159 2668 ai

238 2723 311 2803 trapi
344 2715 546 2797 ἁπάντων,
580 2715 720 2785 κοινὰν
754 2719 796 2783 δὲ
830 2719 931 2783 ποίὀιΙ
957 2715 994 2784 ud
1027 2716 1065 2782 ὄν
1093 2717 1178 2808 ἐστον
1205 2722 1246 2783 ita

241 2837 442 2923 quaestionem
472 2835 597 2911 dirimit,
627 2848 662 2899 ut
689 2837 840 2922 sequentia
864 2834 956 2899 verba
985 2832 1190 2913 διαλέγονται
1213 2833 1247 2898 di

134 2971 135 2974 ¹
243 2989 278 3004 -
305 2949 407 3014 oleato
430 2960 481 3014 aut
504 2971 732 3036 supervacanea,
758 2952 870 3015 autito
895 2971 960 3014 cum
984 2953 1148 3036 posteriore
1163 2961 1246 3036 parte

240 3066 444 3153 conjungenda
461 3079 539 3142 sunt,
557 3079 591 3131 ut
606 3065 643 3130 ad
659 3066 849 3152 sophisticam
866 3078 956 3130 artem
973 3065 1074 3130 referri
1091 3076 1245 3152 nequeant.

240 3179 328 3263 Quod
351 3185 375 3244 si
399 3181 510 3257 leceris,
535 3179 704 3268 imperfecta
730 3193 826 3245 manet
842 3180 1063 3249 demonstratio.
1100 3180 1245 3244 Violatam
1379 3189 1380 3198 ’

52 3339 54 3349 ,
189 3293 191 3297 ’
239 3295 365 3384 denique
389 3298 531 3361 orationis
555 3297 728 3382 elegantiam
752 3299 863 3361 iteratis
886 3296 994 3360 eisdem
1017 3294 1115 3360 verbis
1138 3291 1246 3359 διαλέ-

207 3429 351 3492 γονται
380 3410 417 3475 δὲ
445 3411 547 3476 afferre
576 3412 680 3498 aliquis
709 3414 835 3496 poterit,
867 3411 947 3498 quod
977 3414 1039 3497 ipse
1066 3423 1245 3475 tamennon

238 3549 341 3614 urgeo.
381 3527 412 3590 ld
439 3538 517 3591 certe
541 3529 733 3614 consequitur
756 3525 831 3591 duas
853 3526 917 3591 illas
940 3540 1040 3613 partes
1063 3529 1246 3613 importunas

239 3663 311 3719 esse,
337 3644 505 3729 optimeque
528 3644 568 3706 ita
593 3641 743 3728 explicari,
768 3655 802 3706 ut
823 3644 951 3728 priorem
975 3654 1089 3706 textum
1106 3662 1164 3705 uua
1181 3661 1244 3704 cum

238 3757 370 3844 pleniore
385 3756 587 3844 disputatione
602 3760 632 3821 in
649 3760 779 3844 margine
796 3757 909 3842 adjecta
924 3759 953 3821 in
967 3769 1081 3823 textum
1093 3757 1244 3842 irrepsisse

236 3885 410 3939 statuamus.
