2782 4612
596 331 753 428 *ar—

171 510 319 597 δύναμιν,
343 504 384 574 τὰ
409 507 441 574 δ’
457 507 500 586 ὥς
519 505 613 576 oriola
627 504 707 593 πρός
721 531 793 575 τινα
808 507 897 596 ὕλην.
931 509 1038 576 Verbis
1054 507 1183 576 ἀλλ’-

170 625 245 696 adde
266 627 485 703 similitudinem
510 635 609 692 earum
633 648 745 703 rerum,
772 647 846 712 quae
870 639 938 690 actu
955 650 1017 692 esse
1034 627 1178 706 dicautur,

172 743 209 808 ad
232 742 381 830 aequalem
405 743 628 828 proportionem
652 743 790 828 restringi
809 754 838 806 et
854 741 939 818 Alex.
959 748 987 806 et
1002 745 1180 808 recentiores

98 875 105 886 '
136 824 145 847 Ι
169 863 344 944 interpretes
368 870 553 922 censuerunt.
587 857 629 922 At
645 871 679 922 ut
693 841 825 942 jejunem
842 857 972 941 ejusdem
987 860 1029 921 rei
1046 854 1070 938 (⁸
1087 855 1128 924 36
1144 897 1179 910 -

170 971 238 1056 ¹⁸4)
260 975 464 1058 repetitionem
488 964 683 1056 (ὖπόμνησίς
710 971 776 1036 ἐστι
803 971 856 1056 τῆς
882 969 1058 1051 ἀναλογίας
1080 970 1181 1055 Alex.)
1214 966 1219 972 ⁴

169 1101 360 1175 praeteream,
387 1087 475 1151 verba
500 1090 564 1174 ipsa
587 1088 662 1151 hane
685 1089 958 1172 interpretationem
981 1109 1120 1172 respuere
1139 1092 1181 1152 vi-

171 1203 285 1268 dentur.
332 1201 404 1268 Nam
429 1224 495 1279 eur,
527 1222 653 1289 quaeso,
684 1201 754 1280 An,
784 1204 809 1265 si
840 1224 927 1266 unam
956 1206 1181 1289 proportionem

170 1319 246 1382 inter
268 1339 368 1381 omnes
392 1340 449 1395 res,
473 1338 549 1404 qnae
573 1327 602 1380 et
624 1330 692 1380 astu
716 1329 745 1380 et
759 1319 892 1401 potentia
908 1319 977 1392 sint,
1003 1319 1180 1386 intercedere

170 1433 454 1519 urgerevoluisset,
485 1453 545 1496 uon
569 1433 754 1517 simpliciter,
779 1443 940 1516 utsupra,
967 1430 1104 1498 dixisset:
1138 1426 1182 1509 ὥς

169 1551 262 1612 τοῦτο
284 1542 365 1630 πρὸς
379 1545 495 1612 andro?
518 1546 618 1634 Atque
636 1545 795 1622 videamus,
821 1565 857 1610 ne
879 1547 975 1632 ipsum
991 1547 1063 1612 illud
1080 1547 1181 1613 discri-

170 1665 238 1726 men
259 1665 334 1726 inter
351 1661 497 1747 duplicem
521 1674 604 1726 aetus
627 1673 802 1746 potestatem
827 1661 856 1723 in
880 1659 1012 1726 formulis
1028 1659 1180 1748 ἐντούτῳ

170 1771 390 1862 inunigenito
407 1775 613 1841 abscunditum
634 1776 732 1839 lateat.
762 1775 927 1860 Distinguit
943 1778 1018 1838 euim
1034 1777 1087 1842 Ar.
1105 1781 1181 1844 inter

170 1889 293 1956 lernam
316 1891 569 1977 substantiamque
592 1883 744 1970 (edelar),
770 1911 845 1976 quae
869 1903 1005 1976 respectu
1020 1893 1103 1958 rudis
1119 1915 1180 1959 ma·

171 2006 269 2082 toriae,
294 2017 323 2070 et
345 2020 457 2072 mutum
480 2008 687 2093 vigoremque,
714 2007 764 2092 qui
786 2017 923 2090 respectu
946 2006 1080 2092 torpidae
1103 2009 1180 2072 iuer·

169 2123 226 2184 tiae
255 2133 322 2184 aetu
352 2143 414 2184 esse
444 2121 588 2202 dieantur.
635 2120 764 2184 Jamut
791 2107 887 2184 lerina
916 2123 944 2184 io
973 2123 1093 2186 materia
1117 2141 1179 2188 esse

101 2219 125 2300 s
170 2237 231 2300 sive
255 2238 393 2300 materiae
416 2238 557 2320 impressa
581 2257 642 2301 esse
667 2237 778 2320 optime
802 2233 919 2312 dieitur,
944 2238 986 2300 sie
1009 2254 1095 2300 nemo
1116 2259 1179 2300 ruo·

170 2364 231 2415 tum
264 2354 386 2415 inertiae
420 2349 545 2415 insidere
575 2354 637 2414 sive
666 2351 795 2435 vigiliam
825 2337 939 2415 somnio
970 2353 1064 2416 inesse
1092 2352 1177 2418 diest.

169 2467 336 2530 Posteriora
366 2468 441 2529 eninr
469 2468 501 2528 in
524 2487 630 2550 genere
654 2478 736 2530 aetus
761 2469 916 2552 proportio
940 2488 1001 2530 non
1024 2469 1080 2530 sie:
1116 2463 1179 2543 »ὥς

168 2578 203 2644 τὸ
228 2573 398 2665 ἐγρηγορὸς
420 2577 455 2642 ἕν
469 2582 513 2666 τῷ
536 2574 751 2644 ransidonem
782 2579 835 2644 sed
858 2581 915 2645 hue
938 2581 1028 2646 modo
1059 2577 1122 2656 »ὡς
1141 2575 1176 2645 ud

169 2689 338 2779 ἐγρηγορὸς
359 2688 440 2777 πρὸς
461 2688 497 2758 τὸ
521 2693 706 2760 καθεῦδον
731 2697 903 2760 instituitur.
939 2696 1039 2782 ltaque
1062 2697 1178 2784 virgula

170 2823 238 2895 post
261 2805 421 2892 deuteros
442 2809 559 2874 sublata
582 2812 624 2874 sie
648 2810 790 2894 explicari
813 2809 916 2876 debet:
941 2822 1009 2874 aetu
1032 2833 1094 2876 esse
1117 2834 1177 2876 uon

170 2927 266 2988 omnia
292 2909 394 2989 eodem
418 2924 505 2989 modo
530 2924 679 3000 dicuntur,
703 2924 755 2989 sed
779 2924 897 2989 duabus
919 2938 997 2990 eerte
1012 2926 1177 2992 rationibus

63 3091 66 3100 .
169 3042 272 3125 iisque,
298 3051 331 3103 ut
354 3039 488 3126 analogia
510 3051 587 3115 utar,
612 3051 646 3104 ut
669 3040 760 3102 heere
783 3041 812 3102 in
829 3039 920 3104 hoeee
937 3087 944 3104 .
959 3089 989 3104 ..
1024 3039 1086 3106 Sed
1100 3063 1176 3106 non-

170 3153 239 3218 dum
269 3153 339 3218 mihi
366 3153 530 3230 satislaei03
559 3157 666 3242 pungit
694 3156 769 3218 enirn
798 3153 871 3218 illud
899 3149 973 3217 ἀλλ’
1003 3153 1031 3239 ἤ.
1076 3156 1177 3244 Atque

74 3261 76 3266 ’
168 3271 274 3332 iterum
298 3272 462 3356 iterumque
485 3269 572 3334 Alex.
596 3271 720 3334 rimatus
743 3269 903 3354 particulas
928 3261 1038 3355 aiil-'ei'
1060 3273 1090 3362 in
1114 3271 1177 3355 ejus

168 3395 254 3450 textu
283 3383 408 3448 defuisse
437 3382 657 3468 spoponderim.
704 3384 777 3450 Nam
801 3384 971 3464 Alexander
993 3387 1018 3450 si
1042 3396 1175 3450 nostrum

169 3511 282 3563 textum
298 3498 460 3574 habuisset,
478 3521 635 3592 numquam
653 3499 727 3564 hane
743 3501 1014 3585 interpretationem
1031 3499 1174 3564 dedisset:

168 3608 205 3676 ed
234 3609 326 3676 ‚att’
348 3615 367 3698 ἢ
388 3649 430 3662 --
453 3608 547 3678 adde«
575 3610 735 3696 (lemmatis
761 3615 840 3678 nulla
863 3613 935 3678 fides
959 3615 1096 3682 habenda
1119 3611 1174 3697 est)

168 3723 342 3811 ὑπόμνησίς
363 3727 428 3792 ἐστι
448 3730 502 3812 τῆς
525 3721 711 3808 ἀναλογίας,
735 3725 777 3805 ὥς
800 3728 828 3792 ei
849 3726 956 3807 ἔλεγεν
971 3726 1020 3794 ὅτι
1034 3722 1074 3794 eni
1090 3725 1174 3794 ἀνά·
1262 3713 1265 3718 ’

168 3840 266 3922 λογον
288 3840 452 3925 λεγόμενα.
485 3845 586 3930 ltaque
609 3846 679 3909 mihi
701 3843 786 3910 valde
802 3844 957 3910 verisimile
980 3867 1042 3912 esse
1057 3845 1175 3914 videtur

188 3943 209 4032 i
