2782 4612
665 342 824 440 Q

240 521 348 600 lorma,
373 541 448 609 quae
471 523 572 610 priora
595 523 693 607 eapita
714 517 841 586 libri-A.
857 531 885 588 et
900 523 1033 609 inprimis
1050 543 1115 612 rap.
1131 524 1155 590 ΙΙ
1171 537 1199 592 et
1215 526 1260 592 ΠΙ

241 637 399 714 deformat,
424 638 597 724 explicatur.
636 636 710 702 Nam
735 655 801 702 oum
818 635 972 703 Bonitaius
996 651 1025 704 et
1040 629 1258 726 Sehrreglerur

239 756 296 841 ipsi
326 755 456 840 priorem
478 775 511 819 ae
535 756 730 840 posteriorem
752 765 865 840 partem
889 753 958 820 libri
973 759 1016 820 A.
1039 769 1119 822 areta
1142 759 1259 824 rohae-

239 891 303 934 rora
324 869 497 947 eoueadant,
520 891 581 936 oon
604 873 676 936 satia
700 883 761 947 est,
786 882 820 934 ut
843 867 966 934 formam
990 869 1129 938 diationis
1153 872 1258 938 direr-

239 987 382 1052 rissimarn
406 1007 468 1050 esse
492 984 632 1063 dieamus,
657 985 710 1052 aed
733 1007 824 1052 eausa
845 985 934 1070 hujus
957 989 999 1052 rei
1019 987 1179 1076 aperienda
1195 1000 1256 1054 ast.

240 1100 355 1186 Quodsi
370 1101 423 1168 Ar.
446 1100 651 1180 fundamenta,
675 1104 704 1168 in
729 1101 838 1189 quibua
861 1123 915 1166 sua
939 1100 1075 1168 doetrloa
1098 1115 1259 1170 exstrueta

239 1215 310 1293 suit,
341 1219 370 1282 in
394 1217 449 1282 han
471 1221 570 1303 priora
593 1230 677 1303 parte
701 1217 766 1282 libri
783 1221 826 1280 A.
843 1218 971 1302 jecerat,
1001 1211 1074 1284 ha'ee
1096 1232 1194 1288 tamen
1218 1231 1259 1285 ut

240 1343 432 1419 exaggeraret
461 1345 489 1397 et
518 1331 653 1398 dilataret
680 1345 786 1419 postea
808 1345 928 1398 coaetus
951 1332 1021 1411 luit,
1052 1334 1124 1421 quid
1146 1337 1258 1400 verisi-

239 1449 351 1525 milius,
388 1469 475 1534 quam
502 1447 636 1515 ordinem
666 1448 755 1533 hujus
783 1450 876 1534 partis
914 1449 977 1514 aliis
1001 1452 1156 1527 eorreetis,
1186 1451 1257 1516 aliis

240 1563 361 1648 adjectis
386 1563 535 1628 turbatum
559 1577 647 1652 atque
669 1563 843 1650 perplexum
864 1564 1010 1629 redditum
1034 1565 1119 1630 essa?
1149 1563 1255 1632 Oculis

240 1682 409 1765 conspirare
433 1680 503 1744 milri
526 1679 630 1746 videor
644 1680 697 1745 Ar.
720 1679 775 1744 alia
798 1681 828 1742 io
852 1679 898 1744 his
922 1680 1070 1766 capitibus
1094 1680 1256 1746 emendan-

240 1807 311 1872 tem,
348 1795 404 1862 alia
433 1797 463 1859 io
490 1798 621 1881 margine
651 1795 821 1873 addentem,
857 1796 913 1860 alia
941 1798 1149 1869 invertaotom,
1179 1796 1256 1862 duur

239 1911 312 1974 haee
334 1909 525 1976 fundamenta
548 1933 626 1975 nova
650 1933 683 1976 ae
706 1911 792 1996 plena
812 1913 997 1976 institutione
1014 1929 1164 1998 exponere
1180 1933 1256 1976 eou-

239 2027 335 2090 silium
359 2028 478 2112 eeparit.
506 2025 588 2091 Neve
611 2013 676 2114 quis
699 2049 745 2091 me
763 2025 884 2114 putidae
900 2025 1103 2092 hariolatioois
1119 2029 1273 2093 ineuserr·

240 2144 419 2228 argumentis
442 2145 523 2206 nitor
537 2145 566 2206 io
582 2155 666 2230 parte
682 2145 782 2208 critiea
799 2141 923 2208 traditis.
960 2139 1030 2219 Sed,
1055 2141 1141 2206 utad
1155 2141 1255 2208 libros

239 2259 304 2324 illos
318 2261 401 2321 Z.H.
412 2259 450 2320 Θ.
457 2261 483 2322 Ι.
498 2253 661 2335 redeamus,
679 2281 733 2347 per
748 2281 779 2324 se
795 2271 877 2348 patet
891 2256 1090 2333 fundamenta,
1109 2281 1123 2322 e
1140 2257 1255 2345 quibus

240 2373 373 2438 doctrina
403 2395 555 2458 suspensa,
575 2378 628 2450 sit,
663 2374 812 2438 doetrinae
844 2376 900 2460 ipsi
930 2371 1145 2459 praemittenda
1175 2397 1252 2440 esse.

241 2489 424 2576 Quamquam
447 2491 538 2576 igitur
561 2489 591 2553 hi
614 2489 681 2556 libri
705 2502 775 2576 post
796 2489 888 2554 libros
911 2494 959 2554 M.
973 2493 1013 2554 Ν.
1024 2493 1067 2554 Λ.
1090 2493 1253 2577 eoosoripti

239 2618 323 2680 sunt,
347 2605 393 2670 his
416 2617 513 2682 tamen
536 2605 658 2691 praefigi
683 2604 812 2672 debent..
835 2604 896 2670 Sed
918 2605 973 2670 hae
993 2608 1022 2668 in
1037 2626 1069 2670 re
1085 2601 1122 2671 a'b
1139 2608 1254 2672 ineerta
1325 2595 1327 2600 ⁸

239 2719 414 2805 eoojieiendi
438 2721 485 2784 via
515 2719 553 2783 ad
582 2719 669 2784 fidem
693 2720 745 2785 Ar.
771 2724 864 2808 ipsius
896 2721 1077 2785 deducimur.
1123 2721 1149 2785 ls
1172 2723 1253 2791 euim

240 2837 416 2920 compluries
445 2836 591 2922 signifieat
618 2847 776 2900 tractatum
805 2835 851 2920 his
879 2836 962 2901 libris
996 2837 1142 2901 inclusum
1171 2839 1253 2900 viam

239 2951 403 3038 patefacere
427 2949 465 3014 ad
489 2949 717 3038 disputationem
742 2950 777 3018 de
800 2955 902 3040 primis
927 2963 955 3016 et
971 2956 1096 3018 aeternis
1109 2947 1253 3018 ¹substau-

240 3069 302 3144 tiis,
332 3068 374 3132 sio
394 3071 430 3132 Z.
451 3091 476 3133 e.
498 3067 535 3146 ll;
571 3065 669 3132 lutor
687 3065 728 3132 27
759 3072 831 3154 napi
861 3064 900 3154 dp*
929 3049 1103 3134 τούτωντί
1124 3067 1253 3148 λέγεται

238 3181 344 3258 καλῶς
375 3186 395 3268 ἢ
422 3178 464 3268 μὴ
495 3181 614 3258 καλῶς,
650 3186 704 3246 roi
732 3185 813 3257 rivae
841 3184 920 3250 aloia
949 3181 1069 3259 οὐσίαν,
1103 3186 1158 3248 καὶ
1187 3183 1252 3248 πό·

156 3275 163 3284 ’
239 3320 331 3384 τερον
358 3298 419 3362 stro
443 3319 526 3372 τινες
554 3293 643 3381 παρὰ
673 3292 730 3373 τοὶς
759 3293 920 3383 αἰσθητὰς
946 3296 968 3383 ἢ
996 3294 1054 3364 οὖν
1085 3299 1158 3374 etot,
1196 3302 1252 3362 aori

240 3411 334 3488 αὗται
357 3413 424 3489 πῶς
447 3414 520 3489 adol,
544 3417 598 3476 καὶ
620 3413 756 3495 πότερον
772 3410 838 3476 ἔστι
858 3435 904 3490 τις
919 3409 1054 3500 χωριστὴ
1070 3411 1172 3490 οὐσία,
1195 3417 1252 3478 καὶ

240 3528 294 3596 ded
319 3533 349 3593 al
362 3535 416 3592 aori
432 3529 507 3604 πῶς,
531 3525 553 3616 ἢ
567 3525 702 3610 οὐδεμία
717 3525 806 3615 παρὰ
821 3523 879 3603 τοὶς
894 3525 1063 3616 αἰσθητὰς,
1088 3531 1249 3608 σκεπτέον,

233 3645 544 3730 ’ὑποτυπωσαμένοις
559 3641 618 3734 τὴν
633 3629 746 3710 οὐσίαν
761 3643 888 3730 πρῶτον
902 3648 932 3708 τί
947 3645 1022 3710 ἐστι.
1049 3645 1141 3710 Notas
1158 3645 1250 3712 verba

238 3758 377 3848 πότερον
400 3761 464 3828 ἔστι
487 3785 591 3838 τις-
608 3760 675 3836 πῶς
698 3784 758 3828 nou
779 3762 868 3828 modo
893 3761 931 3828 ad
953 3762 1046 3830 libros
1065 3765 1169 3838 MN,
1196 3759 1249 3828 aod

184 3933 188 3940 .
240 3880 325 3944 etiam
356 3879 394 3943 ad
423 3880 639 3965 expositionem
668 3897 739 3943 suaa
764 3881 858 3963 ipsius
881 3877 1033 3944 doetrinae
1055 3876 1186 3943 in'libro¹
1201 3878 1248 3942 A.
