2784 4606
701 294 723 360 8

635 383 794 393 ...-.--..,.....

207 485 322 542 textum
337 471 457 550 habuit,
483 486 512 538 et
526 473 560 538 B.
578 493 603 537 e.
617 472 636 536 l.
657 469 737 540 995¹·
757 471 778 537 8
798 485 869 560 post
889 463 1030 548 dmoevcec'
1044 473 1216 564 legittimae

208 585 306 674 ἀρχαὶ
328 588 429 652 ταῦτα
452 586 555 672 πάσης
578 585 748 672 ἐπιστήμης
762 581 792 670 ¹).
836 588 902 656 dano
926 609 1117 676 quaeramus,
1139 609 1218 676 quo·

207 727 273 783 nam
302 718 435 791 tempore
461 704 517 770 hae
540 703 662 770 lacunae
686 716 768 768 ortae
791 707 858 769 sint.
905 704 1005 791 Atque
1028 703 1217 780 librariorum

208 819 326 906 quidem
355 819 440 905 lapsu
470 841 518 884 cas
548 818 640 884 iactas
671 839 734 884 esse
764 819 899 906 equidem
923 839 983 884 non
1007 818 1155 895 adducor,
1180 832 1218 902 ut

208 933 334 1000 credam.
371 933 444 1000 Nam
468 956 527 1000 non
552 935 640 1000 modo
664 935 736 1000 tales
761 956 875 1000 errores
899 935 975 999 ultra
993 933 1218 1000 finemsecundi

207 1050 315 1116 saeculi
344 1071 374 1136 p.
401 1047 524 1131 Cliton.
555 1053 617 1114 sive
646 1050 723 1114 ultra
753 1062 877 1115 aetatem
907 1048 1071 1116 Alexandri
1099 1050 1218 1133 rejicere

207 1165 432 1231 audacissimum
463 1178 522 1240 cst,
554 1164 605 1230 sed
629 1167 716 1232 etiam
743 1168 829 1229 nimis
853 1188 870 1230 a
893 1168 956 1230 veri
978 1167 1075 1250 specio
1097 1165 1217 1256 recedit,

206 1281 273 1367 plus
296 1279 504 1368 septemdecim
528 1301 630 1346 versus
655 1276 708 1360 (Θ.
730 1278 815 1361 cvl)
839 1303 853 1344 a
878 1280 975 1346 scriba
999 1279 1129 1366 quodam
1152 1281 1217 1346 solo

207 1397 361 1462 oculorum
383 1397 470 1483 lapsu
494 1397 618 1460 omissos
635 1418 707 1462 esse.
740 1396 880 1460 lacunae·
892 1418 962 1461 saue
979 1395 1111 1480 ejusdcm
1128 1409 1217 1483 atque

206 1511 280 1574 adeo
305 1513 422 1596 majoris
447 1511 574 1580 ambitus
598 1511 662 1576 aliis
685 1514 715 1577 in
739 1512 913 1578 auctoribus
935 1513 1136 1588 inveniuntur,
1157 1510 1217 1576 sed

205 1648 267 1692 nun
295 1627 425 1692 secundo
454 1627 572 1692 sacculo
602 1639 699 1704 ortae,
729 1628 780 1692 sed
804 1649 858 1714 per
885 1627 1002 1714 longam
1032 1627 1217 1696 saeculorum

206 1743 308 1806 seriem
345 1745 491 1828 imperitia
521 1741 684 1806 scribarum
719 1763 842 1828 graecae
872 1744 1016 1808 orationis
1046 1745 1216 1828 ignatorum

205 1858 387 1922 commissae.
424 1858 471 1921 Ex
495 1857 610 1922 diversa
633 1861 724 1944 igitur
739 1859 910 1922 recensione
934 1857 986 1922 has
1010 1857 1130 1924 lacunas
1145 1879 1217 1946 pro·

205 1970 296 2038 sectas
321 1994 383 2038 esse
402 1973 471 2058 jure
495 1973 632 2058 colligere
656 1972 726 2036 mihi
750 1972 862 2038 videor.

272 2087 371 2174 Atque
393 2089 519 2153 maxima
536 2110 605 2154 sane
621 2089 726 2156 lacuna
744 2090 783 2152 Θ.
801 2089 874 2154 c.Vl
890 2088 927 2155 ab
944 2087 1116 2156 Andronico
1133 2087 1216 2154 Rho·

206 2197 284 2284 dio¹l
308 2204 355 2267 vel
378 2204 435 2268 alio
458 2207 652 2291 peripatetico
677 2204 713 2268 de
736 2203 882 2268 industria
907 2207 1002 2268 omitti
1026 2205 1140 2290 potuit,
1166 2207 1217 2292 qui

204 2319 277 2383 hacc
299 2319 404 2394 verba,
436 2319 534 2382 multis
558 2339 591 2382 ac
614 2316 709 2383 foedis
733 2319 846 2384 mendis
869 2317 1017 2402 squalida,
1049 2320 1216 2388 Aristotelis

204 2436 322 2519 ingenio
346 2433 467 2520 indigna
490 2456 554 2498 esse
577 2433 765 2519 judicaverit.
814 2431 876 2500 Cur
897 2447 993 2503 tamen
1018 2455 1070 2502 nec
1094 2435 1132 2502 ad
1155 2435 1217 2500 An·

204 2548 335 2625 droniei,
366 2571 420 2614 nee
444 2550 518 2614 aliua
542 2551 717 2638 cujusquam
738 2552 937 2617 recensionem
959 2549 1146 2637 confugiam,
1170 2551 1216 2617 his

155 2683 160 2689 ’
205 2665 323 2730 dnobus
347 2669 527 2753 argumentis
550 2667 653 2732 ducor.
701 2663 733 2730 Si
759 2666 830 2753 quid
857 2668 933 2730 onim
958 2665 994 2730 ab
1018 2668 1136 2754 ingenio
1161 2668 1217 2730 cri·

203 2783 262 2846 tico
287 2793 467 2867 expunctum
488 2782 538 2854 ¹vel
562 2780 694 2846 additum
718 2793 776 2857 cst,
803 2780 973 2848 Alexander
996 2783 1131 2868 religiose
1155 2803 1215 2847 non

204 2897 293 2961 modo
315 2919 376 2962 rem
400 2899 494 2982 ipsam
518 2880 570 2961 scd
594 2899 680 2962 etiam
704 2919 822 2974 causas,
854 2897 962 2984 quibus
985 2898 1026 2961 illi
1051 2899 1123 2961 moti
1146 2899 1214 2974 sint,

203 3012 307 3090 resert3
337 3015 366 3076 in
395 3012 452 3076 illis
482 3024 578 3077 antem
603 3012 713 3078 lacunis
737 3013 811 3076 nihil
835 3013 958 3076 relatum
983 3012 1080 3102 video.
1128 3012 1216 3078 Prae-

203 3141 282 3193 terea
306 3129 433 3215 reliquas
456 3129 577 3194 lacunas
600 3144 717 3216 praeter
733 3152 867 3228 magnam
891 3132 977 3194 istam
1002 3128 1091 3194 modo
1114 3127 1216 3194 landa·
1240 3129 1243 3134 ’

262 3347 280 3414 ¹)
304 3346 398 3401 Eadem
423 3349 521 3402 ratione
547 3351 638 3403 certior
656 3348 739 3404 factus
761 3365 818 3402 sum
836 3345 1009 3402 Alexandrum
1028 3354 1088 3418 post
1106 3344 1217 3406 ἅπαντες

161 3475 166 3485 1
202 3443 297 3515 legisse
314 3445 414 3517 ιάρχαὶ
431 3447 510 3500 ταῦτα
526 3446 609 3513 πάσης
626 3447 792 3517 luserim·
813 3448 868 3515 ipse
887 3446 954 3498 enim
973 3443 1071 3498 addidit
1089 3446 1115 3498 in
1134 3443 1215 3514 expli·

205 3541 283 3595 cando
308 3542 356 3595 hoc
379 3541 451 3596 loco:
475 3545 573 3596 λείπειν
597 3544 625 3597 δι’
644 3545 672 3617 τῇ
688 3545 755 3606 λέξει
773 3543 847 3605 δόξει
864 3539 890 3596 rt
909 3542 1059 3596 ἀκόλουθον
1076 3540 1164 3613 »γὰρι
1181 3544 1215 3612 epi

201 3641 381 3710 προειρημένῳ
392 3639 427 3710 τῷ
439 3641 501 3693 ικαὶ
511 3641 573 3712 περὶ
584 3641 635 3694 τῶν
646 3641 757 3714 opprim-
781 3641 861 3694 ldirnr
873 3640 1023 3710 interpretes
1038 3639 1086 3692 hoe
1098 3638 1213 3694 latuisse.

260 3738 279 3804 ¹)
304 3735 431 3790 Plutarch.
451 3738 503 3792 vita
522 3737 610 3792 Sullae
630 3755 649 3792 c.
668 3738 768 3794 xxvi.
783 3737 952 3808 Ἀνδρόνικον
969 3735 1147 3812 εὐπορήσαντα
1164 3738 1215 3790 cuin

203 3832 378 3908 ἀντιγράφων
395 3837 432 3894 εἰς
448 3836 530 3906 μέσον
546 3839 639 3890 θεῖναι
657 3834 689 3892 cl.
709 3835 786 3890 Stahr
804 3836 911 3891 Aristot.
926 3833 961 3890 ll.
980 3851 1004 3904 p.
1019 3831 1078 3888 131ΙΙ
