2784 4606
603 437 768 456 ml

171 546 204 610 εἴ
223 566 254 608 τι
276 537 459 629 ἀδιαίρετόν
482 535 580 615 sorem
620 536 699 602 Haeo
723 535 813 603 verbe
845 532 980 622 equidem
1003 555 1063 598 non
1088 535 1184 621 cepio.

172 659 247 726 Nem
270 679 337 722 ounr
360 659 432 744 ipsis
456 656 599 741 proximis
615 652 714 717 verbis
737 655 879 717 unitatem
903 664 932 723 et
955 671 1109 716 numerum
1132 671 1186 736 op-

172 777 271 862 posita
293 795 357 838 esse
374 773 425 836 Ar.
443 771 568 836 dixisset
590 765 614 851 (ο
630 764 673 848 4),
698 789 751 856 per
765 789 797 832 se
821 779 903 854 patet
925 788 985 830 non
1009 787 1097 830 unam
1115 765 1186 830 elte-

172 911 273 955 remve
304 891 444 952 unitatem
477 885 529 950 sed
552 907 588 948 ne
611 885 699 948 ullam
724 883 841 971 quidem
865 886 1007 947 unitatem
1032 900 1186 946 numerum

175 1027 247 1070 esee.
293 1003 395 1089 Neque
424 1001 482 1065 boe
511 1001 578 1064 loeo
605 995 641 1062 τὸ
663 1002 698 1064 ἕν
722 1000 757 1064 de
781 1001 894 1070 unitate
916 996 1132 1062 multitudinem
1156 999 1187 1060 in

175 1142 207 1184 se
236 1117 396 1182 includenti
426 1116 568 1201 explicari
590 1127 705 1200 potest,
737 1113 976 1201 quandoquidem
1005 1124 1101 1176 totum
1128 1112 1187 1176 hoe

176 1246 267 1320 eaput
287 1235 318 1296 in
341 1234 406 1318 ipso
431 1232 489 1295 hoe
512 1230 678 1294 discrimine
701 1231 824 1293 unitatis
847 1227 1104 1314 multitudinisque
1120 1249 1188 1314 pre·

174 1347 282 1414 mendo
305 1361 449 1412 versetur.
495 1347 597 1432 ltaque
620 1344 770 1430 vulgatam
799 1345 952 1432 lectionem
982 1345 1103 1428 rejicere
1127 1365 1188 1407 non

177 1463 292 1529 dubito.
334 1462 400 1526 Jem
423 1463 448 1524 si
470 1459 562 1526 verba
585 1456 727 1543 ἀριθμός
749 1457 834 1522 ἔστιν
858 1460 962 1544 ejioere
985 1459 1094 1535 liceret,
1119 1471 1188 1544 epta

175 1578 320 1643 sententia
343 1578 407 1640 elioi
429 1588 540 1660 posset.
576 1574 728 1660 Suppletis
751 1575 827 1637 enim
850 1569 983 1659 ἀριθμῷ
1004 1570 1187 1649 ἀντίκειται,

176 1694 352 1756 blesenses
375 1689 521 1777 prodiret:
549 1689 660 1754 ideireo
684 1709 744 1752 nen
768 1688 914 1774 quidquid
937 1709 1028 1752 unum
1052 1701 1105 1764 est,
1133 1709 1188 1753 nu·

176 1829 257 1872 mero
282 1807 394 1894 opponi
418 1804 514 1880 debet,
539 1817 573 1870 nt
594 1806 619 1868 si
636 1803 709 1890 quid
724 1803 902 1868 indivisibile
919 1815 972 1868 est.
1007 1803 1188 1868 indivisibile

176 1917 384 2004 (ἀδιαίρετον)
409 1922 495 1996 enim,
521 1941 579 2005 qua
593 1919 781 1995 indivisibile,
806 1941 867 1983 non
882 1941 1006 1984 numero
1023 1920 1074 1984 sed
1091 1919 1189 1984 multi·

49 2093 51 2098 .
176 2037 273 2103 tudini
289 2031 435 2120 (atreides)
449 2037 563 2120 opponi
578 2035 630 2098 Ar.
646 2033 702 2098 54⁸
719 2033 760 2099 23
772 2055 837 2121 sqq.
857 2035 1008 2100 doeueret.
1040 2034 1100 2100 Sed
1116 2037 1189 2100 haee

176 2151 321 2218 medicina
344 2161 373 2214 et
388 2150 548 2214 violentior
563 2162 648 2226 esset,
673 2161 702 2214 et
724 2152 865 2214 omissum
889 2145 909 2242 ᾗ
932 2146 1115 2234 ἀδιαίρετον
1138 2150 1189 2215 de·

177 2266 365 2332 sideraretur.
407 2264 546 2328 Fortasse
568 2266 660 2352 igitur
682 2287 748 2329 oum
771 2265 918 2330 levissime
941 2267 1020 2329 nulla
1042 2265 1103 2329 iere
1125 2286 1189 2329 mu·

176 2385 289 2450 tatione
312 2379 499 2446 scribendum
523 2391 581 2444 est:
606 2375 656 2444 διὰ
674 2372 714 2444 οὗ
736 2380 803 2444 πᾶν
825 2381 842 2444 ὃ
866 2377 943 2471 ἇνῇ
966 2383 1023 2444 ἕνα
1046 2376 1190 2465 ἀριθμός

177 2495 262 2560 ἐστιν
276 2498 376 2582 itaque
399 2517 459 2558 uon
477 2495 672 2583 'quidcunque
688 2496 803 2559 multos
824 2511 924 2582 partes
947 2492 1030 2576 (ἕνα)
1046 2499 1188 2572 eontinet,

177 2633 316 2698 numerus
346 2622 404 2687 est,
434 2623 469 2674 nt
497 2613 521 2675 si
553 2611 625 2698 qnid
655 2609 832 2675 indivisibile
863 2625 915 2676 est.
962 2611 1083 2678 Numeri
1112 2615 1189 2676 eninr
1244 2663 1249 2674 a

177 2739 313 2792 naturum
335 2729 364 2790 in
389 2746 425 2789 eo
448 2729 590 2812 spectari,
616 2739 650 2790 ut
673 2747 734 2790 eenn
760 2726 991 2803 multitudinem,
1017 2747 1105 2814 quem
1122 2730 1188 2792 uni·

178 2855 224 2906 tas
246 2844 405 2917 metiretur,
431 2840 607 2927 designaret,
632 2841 685 2904 Ar.
703 2840 875 2906 definiverat
890 2838 915 2923 (⁸
932 2839 1042 2924 2-6).
1074 2841 1189 2926 Quodsi

178 2979 253 3044 quae
277 2957 368 3021 moles
392 2958 420 3018 in
444 2957 575 3044 singulus
597 2957 757 3042 pertieulas
781 2957 921 3022 dissecari
945 2959 1065 3045 nequit‚'
1093 2979 1126 3021 ea
1150 2980 1189 3024 ex

178 3074 293 3135 numeri
308 3071 421 3136 ambitu
437 3070 620 3136 exeludende
638 3084 691 3146 est,
709 3074 843 3158 quemvis
859 3094 897 3137 ex
910 3074 1044 3160 analogia
1058 3077 1188 3138 omnium

178 3199 368 3252 extensurum
392 3208 550 3272 corporum
575 3186 666 3250 multe
689 3188 865 3274 corpuscula
890 3189 1025 3253 involuta
1048 3189 1164 3255 habeat.

247 3300 346 3366 1058Ιῖ
364 3298 394 3366 6.
424 3297 548 3385 ἀνάγκη
577 3296 644 3386 ἄρα
672 3297 730 3387 τὴν
754 3297 920 3387 διαφορὰν
941 3302 1060 3388 ταύτην
1083 3301 1189 3389 e‘reqdf

177 3399 264 3500 atrro¹
278 3414 335 3478 τοῦ
356 3418 468 3494 γένους
490 3417 583 3480 εἶναι.
629 3417 704 3482 Cum
733 3417 894 3504 disputatio
926 3441 943 3482 a
972 3431 1053 3483 oerto
1083 3439 1190 3506 genero

180 3527 360 3615 ἑτερότητος
387 3532 592 3617 profieieeatur
614 3527 751 3614 (571237.
775 3528 815 3594 ed
839 3519 932 3618 tima
954 3533 999 3621 uqi
1020 3532 1126 3616 eides),
1161 3549 1190 3600 et

179 3665 304 3733 sequens
328 3649 495 3733 propositio
520 3669 537 3710 a
561 3645 706 3732 διαφορᾷ
728 3647 919 3728 τοῦγένους
943 3671 1003 3713 non
1026 3650 1065 3714 ab
1081 3646 1189 3733 ἕτερός

179 3783 248 3845 oque
269 3738 419 3839 ordiatur,
449 3763 585 3848 suspicor
614 3762 769 3849 legendum
799 3785 862 3828 esse
890 3759 1015 3848 ἀνάγκη
1042 3761 1111 3850 ἄρα
1131 3760 1190 3850 τὴν
1266 3797 1272 3806 ’

180 3871 349 3964 ἑτερότητα
371 3871 491 3960 ταύτην
515 3874 682 3962 διαφορὰν
702 3877 760 3944 τοῦ
781 3881 894 3958 γένους
915 3881 1008 3946 atvar.
