2784 4606
565 369 723 470 L

139 565 251 642 putem.
276 548 429 616 Commete
445 549 537 637 igitur
550 560 621 637 post
641 545 763 612 stote«
783 547 912 626 sublato,
930 559 959 614 et
973 550 1148 636 pronomine

140 663 197 745 do,
220 666 301 756 qaod
323 665 458 731 leoillime
482 685 519 731 ex
543 667 674 752 repetitis
698 664 942 752 praecedentibus
966 666 1057 730 literis
1075 666 1149 730 oriri

141 785 249 875 potuit,
274 783 378 868 ejecto,
403 795 432 847 ot
454 781 592 847 hocloco
617 793 647 846 et
661 785 709 845 M.
732 802 756 846 c.
773 780 822 845 lV.
849 779 978 848 107922
1000 784 1043 845 ita
1058 779 1149 846 rerba

140 899 272 988 explico:
311 898 493 986 singularum
528 899 603 961 enim
636 918 734 962 rerum
759 935 794 949 -
820 898 839 962 i.
863 919 888 963 e.
918 896 1149 962 substantiarum

139 1018 301 1104 primarum
326 1053 362 1066 -
387 1026 458 1078 snut
482 1012 565 1078 ideae
588 1015 779 1101 cognomines
802 1033 911 1103 eaeque
935 1035 952 1078 e
976 1012 1149 1080 substantiis

140 1132 305 1218 Quantae,
330 1142 419 1217 atque
441 1130 619 1220 reliquarum
640 1167 675 1182 -
693 1131 712 1194 i.
733 1151 757 1194 e.
783 1149 922 1216 generum
945 1132 1056 1216 species
1079 1149 1150 1196 eon·

140 1249 294 1314 tinentiunr
316 1285 351 1300 -ο
368 1267 460 1312 nnnnr
489 1245 525 1310 de
554 1246 652 1310 multis
680 1247 804 1332 ponitur
836 1256 866 1308 et
893 1245 971 1310 bisee
1000 1247 1030 1308 in
1059 1244 1149 1311 rebus

140 1361 330 1428 sensibilibus
352 1375 382 1426 et
404 1363 434 1425 in
458 1363 583 1427 aeternis
606 1359 688 1426 ideis.
724 1360 804 1426 Haeo
827 1381 890 1424 mea
906 1360 1064 1446 explicatio
1081 1359 1149 1428 libri

139 1483 177 1544 Ε.
192 1499 278 1566 capp.
294 1477 373 1555 XIV,
390 1477 448 1544 XV
464 1479 598 1564 inprimis
621 1477 821 1553 confirmatur,
846 1476 898 1542 nbi
913 1475 966 1542 Ar.
984 1497 1044 1540 nou
1059 1475 1148 1541 modo

140 1595 236 1659 ideam
264 1597 379 1681 generis
405 1595 517 1682 species
540 1592 693 1658 sensibiles
717 1593 954 1678 amplectentem,
987 1591 1149 1656 sedetiam

140 1707 237 1774 ideem
266 1712 380 1797 generis
404 1722 521 1797 praeter
543 1708 623 1774 ideas
646 1708 828 1795 singulemm
851 1711 1013 1794 specierum
1037 1727 1149 1796 ponen-

141 1825 207 1890 dam
231 1847 294 1890 esse
317 1824 428 1890 docuit.

208 1938 288 2007 990¹>
305 1939 356 2006 35.
382 1937 454 2003 nino·
466 1935 556 2002 ineat
571 1935 665 2004 odota
679 1933 719 2001 eei
735 1937 820 2025 eido·
836 1933 939 2004 rualeni
952 1937 988 2006 dl
1000 1938 1149 2006 treated

140 2077 176 2120 ee
197 2051 310 2120 oriolum
332 2056 478 2140 oppeteret
501 2050 603 2135 enimi,-
627 2055 781 2120 Bonitaius
806 2053 843 2120 di
864 2058 894 2120 in
917 2051 979 2140 reip
1004 2069 1033 2120 et
1055 2051 1150 2120 crinin

142 2174 171 2236 in
187 2166 298 2246 eduino
313 2172 361 2236 vel
377 2163 495 2234 οὐσιῶν
510 2170 649 2236 mutanda
671 2193 733 2236 esse
755 2184 855 2236 censet
878 2170 969 2238 dubia
984 2159 1148 2238 Alexandri

143 2290 318 2352 anctoritate
341 2289 441 2352 nixus.
476 2287 531 2362 At,
557 2288 587 2349 ni
605 2285 700 2364 lallor,
724 2288 818 2352 virum
835 2287 1036 2352 doctissimu'nt
1053 2307 1148 2352 nexus

141 2404 247 2468 berum
270 2405 479 2468 sententiarum
503 2401 598 2466 latuit.
638 2400 713 2468 Cum
738 2402 791 2468 Ar.
814 2403 1060 2489 praecedentibus
1084 2425 1149 2470 ver-

141 2518 188 2583 bis
212 2518 457 2595 demonstrasset,
481 2539 541 2584 non
566 2517 700 2584 accidens
725 2518 873 2606 quoddam
897 2519 948 2584 sed
968 2523 1061 2606 ipsam
1077 2518 1149 2584 sub·

142 2636 279 2700 stantiam
303 2634 340 2700 ab
364 2634 427 2698 eliis
451 2632 539 2698 rebus
558 2635 730 2721 participari
747 2655 852 2721 posse,
875 2635 1036 2701 Platonicis
1052 2647 1148 2702 eutem

132 2749 223 2814 ideas
246 2773 263 2814 e
285 2750 375 2814 rebus
399 2749 586 2816 sensibilibus
608 2751 779 2837 participari
795 2751 969 2836 placuisset,
993 2751 1060 2815 hinc
1076 2752 1149 2817 nibil

142 2863 279 2930 ooneludi
309 2867 423 2952 potuit,
455 2849 510 2929 nisi
533 2864 630 2942 ideas,
659 2878 792 2952 ut'qnae
820 2868 1049 2953 participentur,
1078 2865 1148 2931 sub-

142 2983 265 3046 stantiae
289 3001 351 3046 esse
374 2976 483 3061 (οὐσία
506 2975 546 3044 eol
570 2979 663 3065 εἴδη).
699 2979 759 3048 Sed
776 2981 844 3046 inde
864 2981 996 3047 nondum
1013 2981 1147 3059 efficitur,

142 3109 177 3161 nt
198 3097 334 3168 solorum,
350 3096 582 3162 substantiarum
607 3095 689 3162 ideae
712 3099 784 3183 poni
808 3096 950 3172 debeant,
974 3097 1056 3184 qnod
1079 3120 1149 3184 pro-

141 3209 272 3278 bandum
301 3211 354 3276 Ar.
386 3212 443 3278 sibi
471 3225 678 3300 proposuerat.
725 3213 826 3299 ltaque
856 3212 985 3278 addidit:
1028 3207 1149 3277 »ταύτὰ

142 3325 180 3392 di
196 3357 237 3372 -··
254 3323 386 3392 ateste:
410 3331 435 3392 si
451 3349 522 3392 vero
545 3327 628 3394 ideae
651 3341 722 3393 sunt
739 3328 939 3405 substantiae,
962 3351 1016 3394 nec
1032 3329 1150 3396 diverso

142 3431 186 3509 eit
209 3443 392 3510 substantiae
416 3447 499 3508 notin
524 3444 603 3508 hisee
628 3446 657 3506 in
681 3443 770 3508 rebus
794 3444 983 3509 sensibilibus
1007 3458 1036 3510 et
1053 3447 1081 3508 in
1098 3443 1147 3509 illo

141 3559 228 3624 ideali
251 3559 378 3635 mundo,
408 3581 463 3646 per
484 3581 516 3624 se
544 3570 626 3646 petet
654 3581 701 3624 res
732 3580 851 3646 qnoque
872 3560 1042 3637 sensibiles,
1072 3581 1148 3648 qnee
1218 3599 1220 3604 ·

141 3673 259 3762 quidem
283 3675 365 3740 ideas
388 3677 580 3762 pertieipent,
605 3675 787 3741 substantias
811 3697 882 3740 esse.

207 3788 285 3856 994·
310 3788 361 3856 dl.
403 3786 454 3854 eled
483 3789 590 3854 &siun
618 3793 679 3873 μὲν
708 3785 767 3854 οὖν
795 3785 854 3852 οὐκ
886 3785 1073 3874 ἀνακάμπτει
1103 3790 1149 3866 eie

141 3899 284 3992 ἄλληλα,
313 3901 390 3972 ccidi
414 3906 556 3989 γίγνεται
577 3903 614 3986 ἐξ
637 3899 758 3990 ἀνδρὸς
779 3914 872 3982 ernis·
895 3898 936 3972 oei
957 3901 1022 3992 reip
1043 3911 1148 3990 ytres-
