2782 4612
589 349 746 448 Q
799 321 809 330 ,

160 536 198 600 do
222 532 358 606 omnihus
381 532 426 596 his
450 528 622 596 notionibus
644 533 675 593 in
690 528 767 594 libro
784 532 823 594 Δ.
840 531 997 594 invenitur.
1034 529 1169 617 Apparet

160 635 285 738 igiturs
305 669 392 738 quarn
426 648 513 733 longe
546 668 562 710 a
591 667 661 710 vero
697 644 901 730 aberraverint
938 645 979 714 illi
1008 646 1078 722 viri,
1097 647 1169 732 -qui

160 765 269 832 librum
290 767 329 827 Δ.
352 776 404 829 ant
426 756 590 844 amoliri¹),
616 774 668 826 aut
692 762 829 826 omuibus
853 761 935 828 libris
959 759 1168 849 metaphysicis

160 901 344 969 praeponere
355 873 394 960 ¹),
426 891 477 944 aut
500 877 626 964 deniquo
655 876 731 942 libro
751 882 792 939 Β.
820 879 920 940 statim
954 865 1134 962 postponere
1145 869 1168 959 ⁸)

163 997 321 1061 voluerint.
368 993 488 1058 Aeetius
519 1005 595 1058 certe
630 993 678 1058 bio
710 1005 854 1058 tractatus
884 1013 950 1056 oum
981 991 1169 1079 praecedenti

161 1111 238 1178 libro
272 1109 492 1197 conglutinatus
527 1131 587 1173 non
623 1121 681 1186 est,
716 1108 783 1172 lima
818 1121 896 1172 certe
925 1119 954 1172 et
981 1109 1074 1172 totius
1102 1105 1170 1171 libri

164 1226 324 1312 disputatio
348 1238 379 1290 et
400 1225 516 1312 singula
540 1227 635 1311 capita
660 1245 837 1310 magnopere
860 1222 1010 1310 indigent,
1040 1222 1093 1286 sed
1116 1219 1170 1290 du-

163 1341 253 1406 blteri
275 1362 335 1405 non
364 1353 478 1426 potest,
508 1343 579 1426 quin
602 1339 655 1404 Ar.
679 1339 767 1403 talem
790 1351 964 1414 tractatum,
996 1338 1091 1424 qualis
1114 1337 1171 1404 hoe
1199 1424 1201 1430 Ι

163 1455 240 1523 libro
256 1458 294 1518 A.
317 1454 511 1520 adumbratus
535 1457 587 1530 sit,
611 1454 694 1519 libris
719 1454 927 1540 metaphysicis
948 1455 1118 1529 immiscere,
1143 1466 1172 1518 et

164 1571 222 1636 boc
254 1573 320 1656 ipso
355 1571 420 1636 loco
455 1581 526 1657 post
560 1568 789 1655 disputationem
819 1567 855 1632 de
884 1570 985 1656 primis
1016 1571 1172 1634 axiomatis

165 1687 309 1753 collocare
331 1687 427 1772 primo
451 1685 587 1750 voluerit.
634 1685 852 1770 Argumentum
873 1695 986 1760 autem,
1018 1684 1099 1772 quod
1122 1683 1172 1750 de·

165 1801 296 1867 lensorea
320 1803 485 1866 contrariae
508 1804 670 1866 sententiae
694 1823 732 1866 ex
754 1801 831 1865 libro
848 1804 883 1862 lt.
904 1787 1087 1878 sumserint,
1112 1821 1173 1866 nou

165 1921 262 1992 minus
286 1937 366 1981 meac
382 1911 553 1980 sentcntiae
562 1919 743 2003 patrocinari
758 1915 834 1980 ioll'a
850 1917 1016 2002 exposituri
1031 1911 1171 1999 sumus⁴).

232 2032 381 2098 Habemus
403 2033 495 2118 igitur
511 2033 679 2096 continuam
702 2033 917 2096 institutionem
932 2031 1023 2096 hane:
1047 2038 1090 2097 A.
1110 2054 1134 2098 e.
1150 2033 1171 2110 l,

110 2153 117 2158 '
158 2147 189 2212 -ll
204 2150 488 2222 Β.1“.Δ.Μ.Ν.Λ.,
508 2167 635 2234 quorum
652 2120 796 2214 librorum
813 2146 921 2212 multae
940 2147 1057 2234 quidem
1074 2161 1173 2233 partes

166 2263 262 2326 miuus
290 2275 357 2348 apte
387 2275 475 2350 atque
504 2262 656 2328 commode
686 2285 852 2338 connexae,
883 2273 934 2327 aut
963 2264 1060 2327 minus
1083 2265 1174 2350 polite

167 2382 329 2465 expositae,
354 2389 406 2442 aut
421 2376 525 2442 leviter
539 2379 712 2467 exiliterque
729 2376 920 2444 adumbratae
935 2391 1014 2455 suut,
1031 2377 1084 2442 sed
1099 2361 1177 2466 quos

168 2513 269 2557 omncs
293 2495 456 2558 communio
478 2495 592 2560 consilii
608 2494 758 2558 vinculum
775 2506 956 2558 concatenat.
992 2493 1043 2558 Sic
1059 2494 1175 2559 demum

168 2628 206 2673 ex
227 2608 333 2685 turbis,
358 2606 466 2695 quibus
488 2609 619 2696 undique
643 2612 737 2696 primo
762 2611 865 2696 agitati
887 2607 1005 2686 luimus,
1031 2609 1173 2675 inlocum
1223 2697 1227 2710 Ι

226 2818 245 2885 Ι)
267 2818 359 2872 Bonita
379 2817 487 2888 metaph.
501 2816 527 2869 ll
545 2815 626 2888 p018.
649 2817 756 2874 Brendis
773 2818 864 2873 (iesob.
878 2817 902 2874 d.
915 2816 1058 2896 l'hil.ll,2
1076 2835 1100 2889 p.
1113 2815 1174 2874 bid.

224 2915 245 2981 Ι)
265 2915 410 2970 Ravaiseon
429 2911 446 2966 l.
462 2913 506 2966 l.l
524 2932 548 2985 p.
563 2912 623 2968 106.
648 2962 650 2966 .

226 3014 245 3080 ⁸)
270 3011 366 3076 (ilaser,
387 3011 427 3064 dle
446 3009 556 3081 Metapb.
576 3010 600 3064 d.
619 3007 663 3065 A'r.
691 3012 758 3066 Berl.
771 3011 814 3066 41.
833 3031 857 3082 p.
871 3011 913 3065 52.

226 3108 246 3177 ⁴)
270 3107 337 3164 Num
356 3107 396 3160 hic
414 3107 478 3161 liber
490 3115 518 3162 Δ.
539 3106 639 3162 differat
658 3109 687 3161 ab
706 3107 761 3172 illo,
782 3112 826 3180 qui
838 3111 863 3162 in
877 3107 991 3181 catalogo
1003 3109 1078 3180 Diog.
1092 3109 1175 3164 baert.

154 3215 195 3271 ‚et
213 3208 333 3278 anonymi
351 3213 511 3260 recenseatur
524 3205 600 3279 »περὶ
616 3207 667 3259 τῶν
677 3208 797 3279 ποσαχῶς
808 3208 958 3278 λεγομένων
971 3205 986 3273 ἢ
997 3203 1063 3260 acroi
1074 3205 1176 3280 πρό[ς]-

168 3309 273 3370 θεων,
299 3304 330 3360 de
354 3305 400 3359 bae
424 3322 452 3359 re
473 3305 545 3360 litem
563 3305 752 3360 commovebo.
789 3304 856 3380 Sed,
879 3322 920 3360 mc
935 3303 1035 3374 iudice,
1058 3322 1090 3359 ne
1108 3321 1175 3362 unus

145 3391 150 3402 ¹
169 3401 272 3474 quidem
296 3419 327 3456 ex
350 3402 422 3458 libris
444 3403 625 3476 metaphysicis
643 3404 669 3455 in
689 3402 853 3476 catalogo-D.
866 3403 896 3456 L.
914 3405 995 3467 inest,
1018 3401 1184 3458 illumenim.

169 3501 311 3572 catalogum
337 3518 387 3556 uon
406 3499 591 3554 Alexandrinae
615 3498 794 3564 bibliothecae,
819 3498 864 3553 scd
883 3497 1063 3569 exemplarium
1081 3500 1125 3552 Ar.
1145 3500 1175 3556 ab

130 3633 137 3641 ·
167 3597 315 3672 Apellicone
333 3598 446 3652 Athenae
471 3595 652 3652 translatorum
673 3597 754 3651 fuisse
780 3595 897 3667 equidem
921 3614 1026 3663 cenaeo;
1050 3597 1177 3669 exemplar

169 3673 253 3750 autem
271 3695 504 3768 metaphysieorum
527 3694 652 3749 librorum
676 3711 727 3748 nou
747 3693 927 3764 Theophrasto
947 3692 1125 3750 sed'uutemc
1145 3695 1175 3750 ab

168 3793 213 3848 Aa.
232 3793 353 3846 traditum
376 3793 433 3848 fuit.
469 3792 573 3858 Habeo,
598 3794 691 3864 quibus
715 3791 779 3846 hanc
802 3807 883 3846 meam
902 3794 1052 3848 sententiam
1069 3793 1181 3861 firmem,

169 3890 216 3947 sed
234 3907 301 3946 nune
319 3907 373 3946 rem
389 3893 416 3946 iu
435 3893 544 3948 transitu
561 3892 694 3947 monuisse
713 3891 775 3947 satia
793 3889 884 3952 habeo,
