2782 4612
650 349 810 449 jn-

226 528 273 616 (v.
299 525 454 613 19-21)
484 551 550 595 eum
584 528 825 595 antecedentibus
853 524 913 614 ὕλη
944 531 997 592 ecl
1024 520 1237 610 ὑποκείμενον

226 645 267 731 (v.
293 645 345 731 ll)
368 647 573 735 conjungenda
603 666 666 710 csse
690 656 719 709 et
741 647 908 709 acutissime
932 657 961 710 et
984 644 1145 709 rectissimo
1168 663 1235 728 pcr-

181 837 186 846 ,
226 733 325 852 spexit
339 761 507 828 Alexander
516 756 545 844 ²).
582 760 643 828 Sed
665 749 720 824 bro
744 761 931 846 expositione
952 781 999 824 res
1015 758 1148 822 nondum
1164 780 1235 822 con·

227 879 301 944 loeta
325 890 385 957 est3
408 879 502 943 cuivis
527 880 602 942 eninr
619 879 648 942 iu
664 888 788 941 mentem
805 879 906 942 venire
922 875 1018 953 debet,
1045 896 1102 963 qua
1117 874 1232 940 tandem

228 994 263 1060 de
292 1015 379 1058 censa
408 993 453 1056 bis
481 993 667 1079 potissimum
696 993 725 1054 in
756 990 903 1078 capitibus
926 991 1001 1056 ordo
1025 992 1240 1060 sententiarum.

227 1123 286 1175 tarn
309 1109 453 1174 laceratus
477 1109 534 1184 sit,‘
550 1120 638 1194 atque
662 1120 707 1172 tot
722 1119 811 1172 notae
827 1110 951 1193 margini
970 1106 1101 1192 adjectae
1117 1104 1232 1202 inerint.

183 1285 186 1292 .
227 1225 291 1290 Hoc
313 1225 383 1289 lorti
406 1236 435 1288 et
458 1227 538 1288 casui
555 1222 685 1288 tribuere
701 1227 886 1288 temerarium
903 1236 957 1300 est,
982 1224 1122 1287 secretior
1138 1222 1235 1309 aliqua

171 1392 175 1398 .
228 1361 318 1406 causa
347 1339 467 1404 subesse
492 1336 594 1414 debet,
624 1339 676 1403 sed
700 1339 813 1404 dehac
837 1341 921 1404 rein
945 1338 1036 1404 alters
1059 1349 1235 1404 commentu-

230 1458 317 1521 tionis
340 1469 424 1542 parte
448 1453 587 1520 dicemus.

228 1727 382 1801 Primus
415 1736 541 1798 tectae
574 1727 674 1796 notis
704 1728 745 1795 ιἰε
771 1728 939 1822 marpissa
967 1723 1126 1815 adjectis
1153 1744 1234 1795 con·

631 1859 842 1930 taminatus.

295 2028 374 2097 981¹·
390 2029 420 2094 2.
444 2023 519 2102 τούς
535 2020 578 2122 d',
600 2025 704 2111 ὥσπερ
720 2031 775 2092 eoi
793 2026 858 2092 τῶν
872 2023 1013 2112 ἀψύχων
1028 2024 1109 2104 ἔνια,
1131 2035 1236 2095 ποιεῖν

228 2151 296 2232 μέν,
325 2142 383 2212 οὐκ
410 2143 520 2210 εἰδότα
549 2141 586 2206 di
608 2151 713 2222 noceto
735 2141 758 2205 ei
780 2151 880 2219 ποιεῖ,
910 2138 979 2206 οἷον
1000 2145 1083 2205 καίει
1104 2137 1140 2206 cd
1164 2141 1260 2229 πῦρ.-

136 2286 142 2292 ·
229 2260 269 2328 τὰ
285 2267 344 2347 μέν
359 2256 418 2327 οὖν
434 2259 548 2346 ἄψυχα
564 2252 660 2343 φύσει
674 2261 737 2326 ceri
750 2266 855 2323 noete
869 2256 990 2324 τούτων
1003 2259 1146 2334 ἕκαστον,
1163 2254 1238 2334 τούς

230 2379 267 2442 di
289 2378 490 2460 χειροτέχνας
512 2370 554 2436 δι’
571 2371 660 2450 ἔθος,
685 2370 727 2447 ὡς
742 2369 782 2440 orl
796 2368 878 2438 eccui
894 2369 930 2438 cd
947 2367 1139 2460 πραιτιιιούς
1155 2375 1238 2438 εἶναι

231 2493 433 2578 σοφωτέρους
447 2484 554 2564 ὄντας.
584 2488 684 2554 Verba
709 2501 840 2554 extrema
863 2489 931 2555 inde
947 2489 983 2554 ab
1005 2482 1048 2564 ὥς
1064 2481 1104 2552 ori
1120 2511 1158 2554 ex
1174 2512 1238 2555 sen·

181 2591 185 2606 ’
231 2610 386 2675 tertiarum
410 2627 547 2670 connexu
564 2603 602 2668 nd
619 2607 785 2689 proximam
802 2626 903 2670 vocem
920 2607 1121 2690 χειροτέχνας
1136 2603 1237 2670 relcrri

232 2744 291 2787 non
314 2744 412 2810 posse,
437 2725 525 2786 immo
542 2741 613 2785 vcro
638 2743 702 2785 eum
727 2720 877 2807 prioribus
894 2719 993 2786 verbis
1015 2719 1141 2804 μᾶλλον
1156 2719 1238 2784 stot-

231 2861 348 2905 vce-
370 2841 425 2900 ecel
452 2839 653 2923 σοφωτέρους
674 2837 688 2879 ¹³
706 2835 721 2901 1
747 2837 914 2901 necessario
945 2837 1153 2930 conjungenda
1176 2859 1238 2902 esse

231 2957 403 3040 interpretes
419 2950 566 3017 viderunt.
599 2952 639 3046 llt
654 2955 860 3040 grammaticae
875 2953 953 3040 leges
969 2952 1139 3038 prohibent,
1164 2972 1238 3039 quo-

230 3069 434 3134 minus-talem
457 3070 600 3134 rationem
623 3071 765 3146 ineamus,
789 3070 960 3154 praesentim
982 3090 1047 3133 curn
1063 3069 1135 3134 haec
1151 3091 1239 3134 mern·

288 3304 307 3372 ¹)
331 3303 412 3356 Miror
424 3303 571 3357 Bnnitzium
591 3305 617 3356 in
636 3305 695 3359 edit.
709 3304 739 3358 ab
759 3305 804 3359 bac
823 3305 948 3359 sententis
964 3304 1110 3369 recessisse,
1131 3306 1176 3376 qui
1189 3305 1239 3358 uti·

231 3418 287 3456 nam
312 3402 392 3474 magis
416 3402 572 3472 respexisset
594 3400 741 3472 particulam
764 3398 819 3476 χάρ
839 3400 962 3466 (ἅπαντα
979 3398 1051 3474 γὰρ)
1070 3401 1113 3456 vel
1132 3403 1238 3456 maxime

231 3499 351 3562 alienam,
376 3500 397 3552 si
416 3498 548 3570 vulgatum
572 3499 687 3562 ordinem
708 3499 855 3552 retinemus.
892 3498 943 3552 Nec
961 3500 987 3551 in
1005 3479 1136 3570 prioribus
1155 3499 1239 3554 verbis

231 3601 287 3650 οἷον
304 3595 356 3664 πῦρ
369 3621 403 3633 -
416 3597 516 3666 κεφαλῇ
534 3595 688 3668 explicandis
706 3597 842 3650 Bonitzius
861 3595 923 3649 mibi
942 3593 1073 3650 satisfecit.
1105 3596 1195 3650 Nonne
1212 3598 1239 3650 in

231 3693 280 3746 ista
304 3691 470 3763 explicatione
493 3692 574 3747 multo
600 3695 680 3766 magia
705 3693 818 3763 uironip
842 3689 970 3764 αὐτοσάρξ
994 3693 1167 3764 αὐτοκεφαλὴ,
1197 3701 1239 3746 aut
1276 3723 1278 3730 ι

232 3807 291 3844 casu
305 3791 417 3862 genitivo
430 3789 511 3864 nopbc
522 3788 618 3862 σαρκὸς
630 3789 745 3858 κεφαλῆς
757 3790 890 3845 dicendum
902 3789 970 3845 initi
989 3791 1122 3845 Praeterea
1136 3791 1238 3844 omnino

232 3902 283 3941 non
302 3887 435 3959 perspicio,
455 3905 499 3942 rur
516 3889 561 3946 Ar.
579 3907 632 3944 non
650 3887 772 3945 solemnis
790 3889 903 3944 idearum
922 3887 1036 3962 exempla
1054 3887 1202 3944 laudaverit.
