2782 4612
585 377 743 474 ja.

158 549 281 637 damst).
313 551 425 618 Jam‘st
449 557 515 641 quis
539 577 577 618 ex
600 575 645 617 me
669 555 794 648 quaerit,
819 568 889 616 num
908 552 961 616 has
977 549 1052 616 duas
1069 563 1170 637 partes
1213 597 1216 604 ,

158 669 285 756 perfecte
303 671 492 735 concinnatas
517 688 579 734 esse
595 665 711 754 putem,
735 668 766 732 id
783 667 902 742 omnino
924 687 1012 753 nego.
1049 666 1171 730 Etiamsi

159 787 235 849 enim
271 785 385 871 aliquot
418 786 500 849 iocos
534 786 627 870 priori
654 786 849 858 institutioni,
885 800 973 868 qnam
1003 782 1170 855 statuimus,

158 911 262 986 postea
285 897 402 963 additos
425 919 499 976 esse,
524 898 632 985 quibus
656 910 764 982 partes
778 899 952 983 posterioris
968 893 1169 971 laudarentur,

159 1009 386 1095 concedimus')‚
410 1015 456 1078 his
479 1025 575 1076 tamen
599 1013 729 1076 minutiis
752 1033 799 1077 res
820 1009 951 1075 nondum
968 1008 1100 1074 coniecta
1116 1023 1169 1073 est.

158 1129 248 1191 lmmo
263 1149 335 1192 vcro
360 1127 507 1192 contendo
525 1128 595 1203 ‘Ar.‚
620 1131 644 1190 si
669 1127 722 1190 has
736 1127 844 1213 partes
860 1127 889 1188 in
906 1146 994 1189 unam
1011 1122 1169 1209 perfectam

159 1254 247 1328 atque
277 1241 443 1318 absolutam
472 1243 612 1305 unitatem
644 1242 771 1306 conflare
794 1242 952 1314 voluisset,
984 1261 1084 1304 omnes
1114 1239 1170 1302 hos

157 1352 251 1420 libros
275 1355 408 1422 funditus
432 1368 600 1433 retractare,
626 1369 714 1442 atque
738 1359 767 1420 in
791 1356 875 1418 aliam
899 1354 1021 1418 sormam
1036 1353 1170 1440 redigere

159 1469 306 1555 debuisse.
354 1471 491 1547 Accedit,
528 1471 611 1557 quod
641 1473 671 1534 in
699 1473 864 1556 possesione
892 1471 1077 1533 institutione
1105 1472 1169 1554 ipsa

157 1607 217 1648 non
241 1588 337 1648 minus
361 1605 449 1672 quam
471 1588 501 1648 in
519 1586 630 1669 majore
646 1598 729 1670 parte
745 1588 853 1672 prioris
869 1585 1012 1670 permulta
1029 1605 1083 1647 nec
1098 1597 1169 1667 apto

159 1699 261 1762 ordine
282 1698 443 1786 disposita,
469 1722 522 1764 nee
546 1702 687 1763 concinne
706 1721 740 1764 ae
759 1701 857 1763 limate
872 1702 980 1783 scripta
997 1710 1076 1761 sunt.
1109 1695 1170 1762 Sed
1219 1735 1222 1742 ,

157 1835 217 1878 non
245 1811 334 1877 modo
364 1815 453 1879 dictio
484 1815 590 1878 horum
620 1810 772 1880 librorum
792 1816 963 1899 neutiquam
992 1814 1168 1899 polita'est,

158 1929 209 1993 sed
233 1931 319 1992 etiarn
343 1921 434 1993 multa
458 1901 562 1992 ieviter
584 1929 699 2012 adjecta
722 1928 812 1993 inisse
829 1927 940 2004 videri,
966 1947 1042 2014 quae
1064 1940 1168 2013 postea

158 2041 440 2128 conglutinarentur,
464 2045 493 2104 in
518 2055 602 2128 parte
625 2045 724 2106 critica
742 2042 849 2106 docere
864 2042 974 2106 studui.
1014 2041 1170 2106 Praeterea

156 2156 285 2222 iiberA.
308 2177 386 2220 nunc
408 2157 495 2242 plane
518 2157 683 2240 disjunctus
711 2157 850 2242 nullaque
873 2159 988 2220 ratione
1011 2157 1169 2240 copulatus

157 2267 223 2334 fait.
267 2269 340 2335 Nam
365 2293 443 2334 nunc
465 2272 517 2335 Ar.
542 2274 572 2334 in
595 2272 715 2336 librol.
739 2272 848 2334 multas
869 2273 1014 2346 notiones,
1041 2273 1169 2356 quaein

157 2383 290 2448 liband.
312 2376 503 2450 recensentur
524 2384 582 2464 (dv,
606 2384 749 2470 πλῆθος,
772 2378 879 2462 ended,
905 2387 1022 2469 ἕτερον,
1045 2383 1168 2468 ὅμοιον,

157 2495 326 2578 ἐναντίον),
351 2500 437 2586 iunge
454 2500 574 2564 uberius
591 2521 625 2562 ac
641 2499 779 2564 subtilius
792 2513 978 2575 tractaverat,
996 2494 1168 2564 notionibus

157 2633 227 2676 vern
243 2617 394 2698 potentiae
410 2628 439 2679 et
462 2627 545 2679 actus
561 2627 656 2679 totum
677 2614 786 2680 librum
800 2615 840 2676 Θ.
856 2615 1065 2700 assignaverat,
1090 2613 1168 2678 unde

157 2726 233 2791 liber
246 2732 285 2789 A.
308 2749 393 2792 suum
416 2729 513 2793 locum
536 2751 597 2795 non
616 2731 677 2814 jam
702 2741 801 2792 tenere
822 2741 949 2813 poterat.

224 2842 339 2924 Quodsi
351 2845 407 2907 hac
423 2865 460 2908 ex
472 2856 556 2928 parte
572 2865 673 2907 omnes
689 2844 742 2907 has
754 2841 860 2908 turbas
873 2842 1165 2920 consideraverimus,

158 2957 247 3022 altera
263 2970 360 3021 autem
376 2971 512 3050 exparte
529 2963 716 3034 concinnam,
740 2960 863 3044 politam
883 2970 1048 3044 tensamque
1065 2957 1167 3046 dispu-

157 3073 298 3136 tationem
314 3072 381 3136 iibri
389 3067 453 3153 113¹)
470 3057 757 3158 perlustraverimus,
774 3076 826 3136 vix
843 3072 965 3136 dubium
982 3091 1044 3136 essa
1057 3085 1166 3158 potest,

132 3243 135 3250 ·
213 3227 233 3295 ¹)
257 3226 376 3281 Mieheiet
393 3229 419 3281 in
437 3209 558 3282 »examen
582 3230 636 3280 erit.
657 3226 687 3280 de
711 3227 842 3300 l’ouvrage
866 3227 936 3281 d'Ar.
955 3226 1020 3280 tatto.
1039 3226 1167 3298 Me'taph.·

157 3339 180 3392 p.
193 3320 227 3377 113
245 3323 311 3377 iilud
328 3321 436 3397 ὕστερον
447 3351 481 3364 -
493 3327 630 3395 ἐνέργειαν
648 3325 680 3376 ad
698 3325 807 3396 metaph.
823 3329 853 3379 Θ.
867 3325 953 3390 refert,
974 3334 999 3378 et
1011 3341 1040 3378 eo
1054 3310 1166 3388 inclinat,

156 3427 186 3472 nt
197 3420 273 3474 verba
291 3423 320 3473 ἐν
336 3422 410 3492 'd‘
422 3420 483 3487 ὅλης
501 3421 532 3473 ad
552 3421 659 3492 metaph.
673 3429 706 3475 Π.
719 3422 820 3476 referat.
850 3423 902 3476 Sed
921 3423 1034 3492 omnium
1051 3421 1166 3474 refutan-

158 3516 247 3571 dorum
268 3519 348 3570 otium
368 3518 429 3570 mihi
448 3517 771 3589 nnnsuppetit31eetores
790 3520 839 3588 ipsi
853 3518 982 3586 judicent!

212 3611 1167 3686 Ufflmnwssfflfflmmfflmwmmiaewha

156 3709 1165 3782 fflmffimamwmmmmmmewwwdmmcss

157 3805 238 3862 1088*
249 3805 292 3872 25,
311 3809 333 3860 si
353 3808 410 3877 quit
424 3807 615 3879 explicationem
628 3808 719 3862 horum
734 3808 864 3873 iocorum,
885 3825 959 3879 quam
973 3804 1107 3859 Bonitzius
1122 3805 1165 3858 de-

156 3903 491 3974 MMmmmffi

212 4001 233 4068 ¹)
257 4001 299 4056 Me
318 4002 547 4072 prioremflantum
565 4001 624 4057 libri
635 4010 671 4058 Κ.
683 4011 779 4074 partem
798 4001 939 4074 significare
956 4000 1065 4055 lectores
1082 3999 1166 4052 moni·

934 4095 953 4150 8
