2784 4606
618 319 779 422 -ra-

197 501 234 570 ab
258 498 429 567 Alexandro
459 501 606 587 praelatae
636 496 762 582 cessit¹).
804 501 855 567 llis
884 503 976 588 igitur
998 523 1035 568 ex
1059 500 1131 567 locis
1155 524 1205 567 co-

197 617 275 686 dices
297 629 416 682 nostros
440 639 477 682 ex
499 630 583 683 textu
598 617 764 682 'Alexandri
785 630 878 682 aetate
902 618 1039 704 vulgato,
1065 617 1205 683 adhibitis

196 736 289 820 ipsios
312 735 537 810 commentariis,
562 732 719 820 prodiisse,
743 735 842 821 aliquo
867 746 945 800 certe
968 752 1034 798 com
1054 734 1121 818 jure
1145 733 1205 797 ccl-

196 849 310 936 tegente.
359 847 399 912 At
428 851 555 934 primum
585 849 715 915 dubitari
750 871 808 913 non
838 861 950 936 potest,
987 851 1059 937 quin
1088 847 1204 914 codices

196 968 289 1032 nostri
313 985 371 1028 oon
396 985 434 1030 ex
454 964 511 1028 alio
534 984 653 1051 qnoque
677 963 757 1029 lente
780 965 929 1030 fluxerint.
969 964 1051 1029 llaoe
1074 987 1134 1028 rem
1158 986 1203 1040 ea,

196 1101 271 1168 qnae
295 1078 333 1144 ab
357 1067 527 1174 Alexapdro
552 1082 675 1156 omissa,
700 1102 716 1144 r
740 1079 892 1145 codicibus
915 1093 1013 1146 eutem
1037 1092 1089 1144 aut
1111 1081 1205 1144 omni·

196 1196 252 1262 bns
282 1209 334 1260 aut
360 1197 508 1282 plerisque
538 1193 638 1260 addita
669 1217 731 1260 esse
755 1217 808 1260 nec
831 1197 1052 1283 interpolatoris
1075 1195 1127 1260 sed
1151 1196 1202 1261 Ar.

195 1315 289 1400 ipsios
312 1313 460 1397 ingenium
483 1324 512 1376 et
535 1309 692 1376 dictionem
713 1334 784 1397 prae
804 1334 835 1376 se
857 1311 931 1376 lerre
954 1332 1045 1397 snpra
1064 1313 1204 1398 exposui·

197 1451 276 1505 mus,
307 1427 461 1492 manilcsto
492 1437 646 1492 testantur.
693 1426 813 1492 Praeter
840 1431 911 1493 istas
940 1428 1058 1492 lacunas
1087 1430 1107 1490 ii
1136 1428 1202 1504 loci,

197 1544 249 1610 ubi
266 1541 436 1609 Alexander
460 1540 561 1606 seluern
584 1542 820 1631 implicatumque
840 1545 994 1608 lectionem
1014 1555 1132 1608 secutus
1148 1555 1202 1620 cst,

197 1662 292 1725 nostri
322 1671 418 1722 autem
447 1657 562 1722 codices
596 1659 749 1723 lectionem
782 1662 822 1724 ita
853 1681 950 1724 veram
979 1672 1009 1724 et
1036 1661 1202 1744 genuinam,

196 1788 230 1840 nt
257 1775 455 1858 conjecturam
486 1773 567 1836 nullo
595 1771 684 1837 ruodo
712 1774 858 1850 redoleat,
889 1773 1045 1861 praebent,
1077 1777 1107 1837 in
1137 1751 1205 1837 ceu-⁹

196 1912 261 1956 sum
284 1887 410 1954 vocandi
434 1900 511 1953 snut.
549 1886 599 1952 Sic
614 1888 785 1954 Alexander
808 1888 996 1956 ad1033⁵6
1020 1885 1058 1956 od
1081 1891 1205 1969 »pirvo-

195 2029 263 2082 ται,
294 1999 365 2070 caid'
388 1999 473 2068 ἔστιν
501 1998 601 2088 αὐτοῦ
629 2006 763 2083 γένεσις,
801 2001 878 2070 odet
906 2001 942 2068 cd
971 2008 1002 2068 ri
1028 1999 1068 2090 ἦν
1090 2005 1196 2068 uivus«

196 2144 255 2188 uon
283 2143 405 2208 pravom
435 2119 671 2206 impliestamque
701 2119 927 2207 explicationem
955 2093 1155 2197 excudisset,
1174 2123 1204 2186 ni

195 2241 224 2304 in
255 2240 317 2324 ejus
353 2249 437 2303 textu
468 2235 559 2301 verba
590 2227 691 2300 adecti
718 2237 839 2316 γένεσις
874 2235 1061 2300 excidissent.
1108 2235 1203 2300 Porro

199 2352 335 2418 107828
358 2350 445 2415 eodd.
469 2370 570 2414 omnes
596 2351 752 2416 lectionem
778 2353 863 2415 unice
886 2371 999 2428 verum,
1032 2373 1119 2438 quam
1143 2371 1204 2416 non

197 2469 366 2552 conjectura
392 2468 489 2532 fictam
517 2489 580 2530 esse
608 2466 741 2544 confido,
770 2466 913 2554 praebent
939 2460 959 2557 ᾖ
985 2463 1070 2552 μήκη
1090 2464 1203 2552 μόνον,

196 2583 366 2650 Alexander
394 2585 423 2646 in
451 2585 546 2668 ipsius
573 2583 714 2658 lectione,
750 2581 863 2646 scribac
892 2603 991 2648 errore
1019 2595 1100 2660 orta,
1138 2579 1204 2668 *pel

195 2695 406 2781 κινούμενονι
438 2697 617 2784 explicanda
648 2701 764 2784 egregie
790 2710 929 2782 nugatur.
969 2699 1046 2764 ldcrn
1072 2699 1150 2763 eadit
1173 2701 1202 2762 in

195 2815 276 2880 hunc
298 2814 394 2878 locum
421 2809 578 2877 1083213
611 2808 648 2897 »ἢ
672 2811 709 2876 δὲ
730 2810 932 2889 ποσοποιόν,«
963 2813 1015 2879 ubi
1035 2813 1204 2880 Alexander

246 2989 406 2998 .‚..-.-—..---

255 3087 273 3151 ¹)
297 3085 430 3138 Praeterea
449 3099 480 3135 ex
496 3083 537 3147 iis,
556 3097 620 3152 quse
634 3083 663 3135 ab
677 3081 831 3149 Alexandro,
852 3091 973 3156 qnantum
988 3086 1086 3155 exejus
1101 3085 1202 3140 silentio

197 3182 321 3252 conjicere
342 3181 428 3245 liccat,
455 3181 562 3245 omissa,
588 3197 602 3232 a
625 3179 755 3236 codicibus
775 3191 859 3235 autem
878 3183 962 3237 addita
982 3191 1056 3249 suut,
1079 3159 1204 3237 nonnulle

195 3279 353 3336 manifestam
372 3275 564 3348 interpolatoris
581 3293 684 3330 manum
702 3278 828 3348 produnt:
847 3278 1016 3334 cicestren
1034 3281 1063 3334 ab
1084 3281 1203 3334 omnibus

197 3377 327 3431 codicibus
342 3376 427 3430 verbis
446 3379 514 3434 note
531 3376 719 3446 φαινομένοις·
738 3375 851 3430 additum
872 3385 911 3432 est
923 3379 978 3443 νῦν,
998 3379 1067 3450 qnod
1081 3396 1114 3432 ex
1126 3375 1203 3450 prava

195 3475 451 3544 interpretationem
472 3470 579 3525 consilio
599 3473 726 3526 intrusum
746 3483 797 3537 est,
817 3483 846 3528 ut
863 3475 1022 3546 praecedenti
1039 3475 1146 3550 ὕστερον
1162 3493 1204 3531 re-

196 3570 347 3640 sponderet;
367 3586 411 3622 nec
430 3567 538 3622 multum
559 3569 644 3622 differt
662 3568 776 3624 9881226
796 3571 838 3624 ubi
857 3574 919 3626 οκαὶ
931 3575 1062 3648 ponpis·
1081 3573 1203 3629 acodici·

197 3668 244 3720 bus
264 3667 401 3732 adduntur,
421 3684 476 3719 cnm
495 3668 628 3736 imperitus
648 3667 740 3738 aliquis
761 3678 907 3723 cousuetam
925 3670 1096 3742 generationis
1110 3679 1134 3722 et
1147 3688 1202 3723 core

196 3765 322 3836 ruptionis
347 3765 492 3818 societatem
511 3763 561 3818 hnc
581 3781 684 3836 quoqne
703 3765 826 3832 traheret,
851 3767 942 3821 ubine
962 3775 1018 3838 apte
1038 3765 1139 3836 quidem
1159 3765 1202 3820 Ar.

196 3862 228 3916 de
246 3863 408 3932 corruptione
426 3862 583 3938 loqueretur.
