2782 4612
226 535 334 601 nedum
367 531 537 600 ¹Aristoteli.
594 531 707 598 Idcirco
750 532 881 598 ordinem
916 529 1129 598 'invertendum
1171 553 1234 596 esse

227 673 331 717 censeo
372 653 414 716 sio
454 663 488 716 ut
515 649 608 714 verba
642 639 731 713 οὗτοι
766 650 826 731 μὲν
858 689 893 702 -
924 646 1056 713 ἐναντία
1090 645 1236 726 λέγοντες

225 779 449 853 praeponantur
471 764 569 829 verbis
603 764 663 828 eloi
702 761 739 826 δέ
765 784 847 838 τινες
881 803 917 816 -
949 760 1113 840 ἀπόδειξίς
1141 761 1236 826 ἐστιν.

150 897 154 906 ’
225 882 326 967 Atque
356 882 411 945 hac
434 882 663 965 transpositione
686 878 763 942 lacta
786 873 874 942 οὗτοι
896 883 955 961 μὲν
978 881 1087 964 optime
1112 877 1150 942 ad
1173 899 1232 952 eos,

228 999 278 1082 qui
302 995 468 1060 dubitando
491 998 521 1058 in
545 995 621 1059 hane
644 995 817 1059 sententiam
838 993 947 1079 delapsi
964 995 1031 1070 sint,
1055 992 1234 1068 referuntur,

227 1113 296 1196 quia
319 1133 366 1175 res
384 1132 448 1195 cap.
460 1109 497 1174 V.
516 1112 667 1195 expositas
682 1095 768 1172 nume
783 1108 821 1172 ad
837 1108 1038 1173 dubitationes
1055 1107 1171 1171 illorum
1189 1127 1235 1170 re·

226 1225 388 1290 movendas
417 1227 563 1310 pertinere
593 1224 645 1287 Ar.
668 1235 697 1286 et
725 1224 782 1287 hoc
811 1226 841 1286 in
869 1223 946 1287 libro
978 1221 1077 1288 1000ι
1091 1221 1133 1286 23
1163 1219 1236 1304 atql-

140 1375 144 1380 ·
227 1338 371 1403 teucos
393 1349 460 1412 σοῖς
483 1336 695 1423 διαποροῦσιν
715 1335 795 1421 αὕτη
819 1336 838 1422 ἢ
865 1337 948 1414 δόξα
971 1336 1006 1400 ἐκ
1028 1341 1093 1400 τῶν
1115 1337 1236 1419 αἰσθη-
1308 1345 1310 1354 “

227 1455 290 1519 τῶν
306 1501 314 1518 .
328 1499 357 1516 ..
374 1454 484 1518 indicat
507 1467 536 1518 et
559 1453 665 1516 diserte
691 1465 790 1516 monet
813 1453 849 1516 K.
868 1474 891 1516 c.
906 1452 954 1516 Vl.
983 1450 1137 1517 10631212
1156 1444 1236 1536 πρὸς

228 1568 265 1634 δὲ
287 1564 362 1643 code
379 1566 616 1651 διαποροῦντας
637 1565 672 1630 der
695 1570 760 1630 τῶν
781 1564 1129 1648 παραδεδομένον
1152 1561 1235 1628 άπο-
1300 1549 1310 1558 ’

228 1684 305 1768 proin
322 1679 451 1768 ,ράδιον
479 1679 639 1748 ἀπαντᾶν.
682 1681 780 1745 Verba
810 1695 906 1746 antem
941 1680 1034 1746 τοῦτο
1071 1683 1236 1744 πεισθεῖεν

228 1811 291 1864 tum
321 1799 472 1884 aptissime
501 1797 539 1862 ad
567 1801 664 1884 ipsum
693 1798 871 1883 principium
902 1795 1144 1861 contradictionis
1169 1817 1236 1881 spe·

104 1993 108 2001 Ι
228 1925 317 1987 ctare,
343 1915 409 1998 quis
433 1934 493 1976 non
518 1912 619 1976 videti

297 2025 396 2092 10192
418 2025 469 2090 20.
500 2030 582 2090 καθ’
610 2023 651 2110 ἢν
679 2019 741 2109 γάρ
763 2020 800 2088 τὸ
829 2025 955 2104 πάσχον
974 2025 1091 2104 πάσχει
1112 2047 1157 2100 τι,
1184 2017 1237 2088 doe

228 2145 288 2225 μὲν
310 2137 368 2204 ἐὰν
390 2139 505 2215 ὁτιοῦν,
530 2137 669 2205 δνναιὸν
692 2137 770 2204 αὐτό
793 2161 902 2223 φαμεν
925 2141 1008 2203 εἶναί
1028 2143 1162 2214 παθεῖν,
1184 2135 1237 2202 ὁτὲ

230 2253 303 2320 δὀὐ
330 2251 413 2318 eard
441 2255 508 2320 πάν
530 2254 657 2330 πάθος,
687 2247 763 2316 ἀλλ’
783 2251 826 2318 άν
854 2252 906 2318 ἐπὶ
928 2251 963 2318 ad
985 2253 1119 2336 βέλτιον.
1147 2246 1235 2335 ἔτιῆ

228 2371 286 2435 σοῦ
308 2369 413 2443 καλῶς
435 2366 688 2432 τοῦτ’ἐπιεελεϊν
710 2369 731 2451 ἢ
752 2362 835 2432 κατά
858 2371 1098 2454 προαίρεσιν-
1119 2360 1238 2450 ὁμοίως

137 2548 140 2554 ,
231 2485 267 2549 δὲ
290 2488 345 2547 καὶ
367 2483 419 2546 ἐπὶ
441 2483 499 2547 τοῦ
521 2483 664 2562 πάσχειν.
699 2484 875 2548 Enunciatio
894 2480 1028 2568 καθ’ἥν
1050 2481 1236 2565 -βέλτιον,

203 2621 407 2689 -quamquam
431 2599 577 2686 particula
606 2599 716 2664 causali
738 2595 799 2683 γάρ
828 2621 958 2674 annexa,
987 2599 1095 2662 nullam
1119 2619 1236 2662 causam

129 2701 135 2705 ’
229 2714 468 2802 praecedentium
483 2713 643 2778 verborum
666 2712 685 2798 ᾗ
710 2710 740 2776 δ’
753 2706 929 2797 ὑφ’ἑτέροο
951 2709 973 2796 ἢ
994 2707 1015 2802 ᾗ
1038 2715 1146 2793 ἕτερον
1168 2734 1238 2776 con·

230 2833 317 2906 tinet,
349 2832 437 2892 immo
462 2851 533 2892 vero
562 2827 708 2913 duplicem
731 2831 865 2913 passivae
888 2829 1038 2914 potentiae
1061 2831 1120 2892 vim
1146 2828 1239 2913 expli-

230 2958 287 3010 cat.
327 2944 392 3008 Jarn
421 2946 450 3007 in
482 2944 617 3029 sequenti
646 2945 850 3010 enuntiatione
879 2965 946 3008 cum
968 2943 1021 3008 Ar.
1047 2946 1159 3010 activae
1183 2963 1237 3027 po-

229 3060 398 3123 tentiae-et
424 3060 480 3142 ipsi
505 3057 650 3142 duplicem
673 3060 732 3122 vim
756 3059 962 3146 assignandam
993 3081 1055 3124 esse
1079 3059 1236 3134 docuisset,

231 3172 360 3238 addidit:
394 3165 513 3255 ὁμοίως
543 3171 580 3235 δὲ
603 3177 657 3236 καὶ
678 3172 732 3238 ἐπὶ
752 3175 810 3238 τοῦ
832 3175 974 3254 πάσχειν.
1015 3175 1091 3256 Quo,
1117 3194 1236 3260 quaeso,

125 3304 130 3312 ’
230 3290 303 3352 haee
325 3288 416 3352 verba
438 3290 596 3373 pertinent,
626 3310 692 3353 cum
716 3301 802 3353 antea
826 3290 936 3376 duplex
959 3292 1005 3354 vis
1027 3291 1161 3375 passivae
1183 3309 1239 3374 po·

230 3405 339 3468 tentiae
363 3405 424 3487 jam
455 3402 602 3488 explicata
631 3404 689 3468 siti
717 3403 821 3468 Nonne
851 3405 943 3468 multo
967 3407 1059 3491 magis
1082 3404 1135 3468 Ar.
1153 3415 1236 3468 antea

229 3540 286 3605 pro
310 3514 356 3581 ἔτι
377 3509 396 3599 q‘
421 3520 477 3582 τοῦ
500 3515 604 3591 καλῶς
626 3511 710 3583 τοῦτ’
724 3517 880 3584 inmodste
903 3519 1060 3584 dicendum
1085 3517 1156 3584 luit:
1186 3521 1239 3584 sal

231 3630 348 3714 ὁμοίως
380 3630 433 3694 ἐπὶ
454 3631 511 3694 τοῦ
538 3632 669 3698 moestu?
701 3635 826 3698 Tantam
855 3635 1023 3700 socordiam
1052 3637 1103 3721 qui
1131 3636 1161 3698 in
1185 3635 1236 3698 Ar.

230 3745 343 3822 serunt,
373 3749 393 3810 ii
420 3746 553 3825 videant,
591 3771 628 3812 ne
657 3771 771 3814 summo
800 3753 918 3837 ingenio
948 3753 1033 3814 nimis
1062 3727 1236 3814 obtrectant.

230 3860 331 3948 Atque
354 3863 411 3928 hoc
433 3862 500 3962 loco
518 3865 688 3930 Alexander
711 3869 774 3952 ipsc
798 3864 835 3930 ad
850 3887 949 3932 veram
966 3868 1042 3930 viam
1060 3887 1116 3932 nos
1133 3865 1238 3930 ducere
