2782 4612
652 329 812 430 -το-

229 513 358 580 indicata
373 511 606 599 negligerentur3
628 527 694 574 nom
710 508 849 595 practicis
865 505 983 595 quidem
999 503 1164 592 disciplinis
1177 525 1241 570 non

230 631 322 716 magis
350 631 444 714 prima
479 625 669 714 philosophia
700 645 787 712 quam
818 623 1040 690 mathematicae
1068 619 1239 707 disciplinae

230 757 389 832 praestant.
437 742 600 807 Difficultas
623 761 702 805 vero
727 753 854 828 augetur
881 739 938 805 fine
969 738 1068 826 crpil
1096 750 1126 803 et
1153 737 1238 800 initio

230 881 294 947 cop.
311 861 334 924 ll
357 861 453 924 acrius
476 858 625 943 inspectis.
661 857 693 920 ln
717 857 800 920 initio
825 859 901 920 cuim
925 875 989 942 cap.
1006 855 1030 918 ll
1052 854 1105 918 Ar.
1130 851 1239 938 indicet

230 975 301 1040 hoc:
325 977 424 1062 priore
448 974 544 1059 eapite
567 970 798 1036 demonstratum
822 993 895 1047 csse,
920 970 1079 1057 asapicnti
1095 968 1242 1064 principie

206 1087 380 1175 'explorari
408 1088 530 1163 debere,
561 1086 614 1174 sed
643 1107 719 1174 quoe
748 1087 795 1149 illa
818 1088 979 1172 sapientiae
1001 1085 1148 1171 principia
1168 1083 1238 1156 sint,

230 1225 310 1268 nuno
332 1202 568 1288 investigandum
592 1223 665 1265 esse.
711 1200 809 1288 Atque
834 1222 935 1264 omues
959 1199 1136 1285 disciplinas
1165 1217 1240 1282 quae

231 1319 291 1382 sint
323 1337 420 1382 rerum
449 1317 608 1402 principia,
644 1315 844 1380 demonstrare
872 1316 925 1380 Ar.
957 1318 987 1379 in
1015 1317 1115 1399 priore
1144 1312 1239 1396 capito

231 1429 311 1496 98l¹=
330 1428 436 1495 1-12
460 1434 570 1518 optime
593 1430 799 1494 illustraverat.
835 1429 896 1494 Sed
919 1433 944 1494 si
960 1428 1051 1494 verba
1067 1430 1236 1513 εἴρηται-

231 1540 350 1620 πάντες
372 1547 499 1631 genuina
518 1558 629 1622 essent,
654 1546 742 1611 altera
767 1565 887 1632 qnoque
901 1546 1078 1631 'propositio
1095 1545 1124 1606 in
1142 1544 1240 1628 priore

232 1663 326 1747 capite
346 1661 408 1745 jsm
432 1659 565 1725 conlecta
580 1671 665 1725 esset.
702 1660 761 1724 Nec
777 1660 939 1747 quidquam
956 1659 1157 1723 excusationis
1174 1656 1240 1718 hinc

232 1799 298 1841 cnm
315 1777 451 1840 Bonitzio
476 1775 634 1862 petendum
657 1788 710 1851 est,
736 1774 816 1861 quod
833 1776 885 1839 Ar.
907 1775 983 1838 hane
1005 1797 1066 1838 rem
1090 1775 1117 1836 in
1142 1773 1240 1857 priore

232 1867 511 1977 capite-contendet,
535 1892 565 1952 in
581 1890 673 1954 altero
690 1888 878 1954 demonstret.
912 1891 952 1954 lta
969 1893 1045 1953 coim
1063 1884 1241 1952 insecundo

232 2009 327 2092 eapite
349 2005 403 2070 Ar.
433 2004 469 2069 de
497 2004 703 2090 philosophiae
731 2006 886 2089 principiis
913 2004 1062 2091 disputat,
1092 2016 1240 2088 tamquam

232 2120 375 2184 nihildum
400 2120 435 2184 de
459 2119 514 2184 hac
538 2141 569 2183 re
585 2118 781 2203 significatum
797 2121 844 2183 sit.
882 2118 962 2200 Quas
978 2120 1018 2184 ob
1034 2140 1138 2184 causas
1154 2115 1240 2181 valdo

233 2257 267 2301 eo
291 2236 410 2312 inclino,
434 2247 469 2299 ut
484 2233 576 2299 verba
596 2236 718 2318 εἴρηται
735 2273 769 2286 -
783 2229 915 2313 πάντες,
939 2235 1047 2322 quihus
1063 2235 1157 2298 ethica
1175 2253 1240 2298 cum

233 2351 442 2436 metaphysicis
466 2361 724 2424 connecterentur,
749 2362 853 2434 postea
876 2350 913 2415 ab
937 2351 990 2415 Ar.
1014 2351 1117 2416 leviter
1140 2347 1241 2412 addita
1270 2317 1274 2334 ⁵

134 2523 139 2537 ,
233 2463 323 2528 luisse
345 2485 488 2531 censeam.
525 2463 577 2528 Sin
602 2467 667 2551 quis
692 2474 788 2552 autem
813 2465 888 2530 hanc
911 2468 1085 2531 sententiam
1103 2464 1241 2528 audacio·
1379 2465 1380 2472 ’

232 2600 293 2642 rom
317 2601 381 2644 esse
396 2584 555 2665 putaverit,
579 2583 603 2644 is
620 2592 698 2645 certe
714 2580 855 2646 concedet
871 2583 1011 2668 majorem
1027 2580 1241 2666 interpunctio·

233 2715 300 2758 nem
323 2706 391 2758 ante
414 2693 494 2758 ὥστε
515 2693 681 2781 ponendum
706 2717 777 2762 esse.
872 2717 875 2721 ·

302 2807 402 2872 10035
417 2807 468 2892 36.
493 2814 547 2872 καὶ
568 2813 633 2874 τῶν
648 2808 756 2874 ἄλλων
770 2811 834 2875 τῶν
848 2806 1003 2876 τοιούτων
1018 2815 1073 2876 καὶ
1087 2810 1152 2875 τῶν
1166 2808 1240 2874 τού-

172 2906 182 2950 ·’
232 2944 298 2997 τοις
319 2915 554 3006 ἐπικειμένων.
590 2919 706 3003 σχεδὸν
721 2924 757 2989 δὲ
778 2924 886 2990 πάντα
908 2923 1062 3008 ἀνάγεται
1084 2919 1240 2990 retemta

232 3037 277 3110 οἷς
299 3032 357 3122 τὴν
379 3034 482 3124 ἀρχὴν
504 3035 634 3123 ταύτην.
673 3040 891 3126 τεθεωρήσθω
921 3035 955 3105 d'
975 3035 1053 3126 ἡμῖν
1075 3044 1177 3106 ταῦτα
1205 3037 1240 3104 ἐν
1361 3025 1364 3034 .

231 3155 269 3240 τῇ
292 3150 491 3243 ἐκλογῇ-τοῖν
513 3152 677 3218 ἐναντίων.
715 3155 816 3220 Verba
838 3159 893 3220 cul
914 3156 978 3219 τῶν
999 3154 1123 3232 τούτοις
1151 3139 1260 3222 riute?

233 3268 386 3347 κειμένων
401 3268 439 3332 ab
457 3267 611 3334 Brandisio
633 3291 668 3333 ao
684 3270 819 3335 Bellero
843 3271 1001 3358 plerosque
1024 3270 1110 3336 codd.
1131 3273 1239 3336 secutis
1346 3345 1350 3356 ⁵

233 3384 339 3446 omissa
362 3395 441 3460 snut,
466 3387 535 3469 quia
550 3382 626 3447 inira
643 3383 759 3448 demum
776 3385 917 3451 derebus
933 3388 1078 3474 oppositis
1094 3388 1125 3450 in
1141 3385 1238 3451 eadem

232 3499 354 3562 scientia
365 3498 523 3562 tractandis
534 3499 585 3565 dr.
601 3497 731 3586 disputet
741 3498 776 3564 ll·
786 3499 904 3579 9-28,
917 3523 1094 3588 quamquam
1107 3501 1156 3566 illa
1166 3521 1239 3588 qoo-
1375 3527 1376 3532 ¹

233 3632 290 3698 quc
313 3615 342 3676 ln
365 3626 450 3698 parte
473 3614 688 3700 perplexiorem
713 3614 883 3702 disputandi
908 3616 1040 3680 ordinem
1059 3639 1122 3682 esse
1136 3629 1239 3702 postes

233 3725 371 3794 dicemus.
409 3727 468 3792 Sed
492 3729 584 3793 multo
608 3731 719 3815 majore
734 3733 808 3794 vitio
833 3735 989 3795 universus
1012 3731 1096 3796 locus
1114 3731 1236 3795 laborat.

171 3936 173 3941 .
231 3842 305 3906 Nam
337 3865 396 3929 quo
427 3841 517 3940 rulers
546 3843 617 3907 illud
647 3839 751 3929 ἀρχὴν
772 3844 913 3929 cariem?
943 3845 1141 3914 Referenduon
1165 3848 1238 3910 enim
