2784 4606
565 356 723 452 -ll-
767 445 771 451 .

144 535 180 584 έ-
200 526 313 597 adoaia.
362 531 477 615 Quodsi
506 533 572 618 quis
597 527 849 610 dixerit,'omue‘s
875 529 992 617 quidem
1016 531 1149 595 homines

140 651 241 713 innata
257 649 436 724 vi‘moveri,
461 646 513 712 sed
537 670 596 712 non
621 669 721 738 ornnes
745 649 858 712 eumin
873 647 1003 725 modum,
1028 645 1149 711 ut'haeo

140 765 188 828 vel
217 764 266 828 illa
293 785 340 828 res
370 767 557 850 procreetur}
591 776 653 828 tum
682 765 773 846 multo
798 767 888 851 magis
911 763 1036 828 verbum
1059 783 1149 848 agens

78 859 85 868 ⁸
141 901 229 966 quam
259 879 388 965 patiendi
418 881 582 965 exspectari
611 901 716 966 urgere
747 880 832 955 nolo,
862 879 893 942 id
916 892 1013 943 autem
1037 890 1149 943 eertum
1177 911 1179 916 v

141 1008 279 1081 apparet,
312 995 444 1058 homines
474 993 512 1058 ad
534 1017 594 1059 rem
618 993 798 1058 alliciendam
823 997 917 1058 miuus
940 994 1053 1058 habiles
1078 996 1149 1058 artis

141 1112 285 1195 imperitia
308 1113 400 1195 premi
423 1109 526 1174 solere.
562 1109 655 1196 Atqui
680 1109 747 1174 hine
771 1131 874 1174 sensus
899 1112 1064 1174 contrarius
1088 1107 1150 1172 elii·

142 1236 265 1290 ceretur.
312 1224 426 1288 Etenim
455 1227 492 1301 ii,
524 1226 575 1310 qui
604 1237 709 1309 sponte
739 1226 817 1289 hune
840 1229 870 1288 in
893 1225 1012 1288 modum
1038 1225 1149 1287 moveri

141 1352 277 1425 possent,
307 1339 440 1403 homines
469 1361 529 1402 non
561 1339 648 1403 rudes
680 1338 732 1404 sed
756 1339 852 1404 callidi
876 1361 909 1404 ao
932 1342 1018 1426 periti
1042 1351 1148 1404 essent.

142 1453 204 1518 Sed
226 1454 298 1518 haee
322 1458 418 1518 omnia
442 1457 576 1541 argutius
600 1433 749 1539 disputata
774 1467 852 1518 sunt.
890 1438 1048 1518 Manifesto
1073 1456 1149 1518 enim

142 1570 232 1634 verba
255 1573 417 1634 κινεῖσθαι
439 1610 471 1618 -
491 1572 605 1654 τέχνην
628 1591 666 1632 ex
689 1569 863 1655 glossemate
887 1573 915 1633 in
939 1583 1053 1634 textum
1077 1572 1149 1634 irre·

141 1698 275 1771 pserunt.
311 1685 393 1749 Hane
417 1685 454 1748 ad
477 1687 649 1749 sententiam
674 1705 718 1748 me
742 1686 867 1770 primum
892 1683 979 1749 duxit
993 1685 1065 1749 fides
1082 1682 1148 1747 eod.

142 1799 183 1864 Ab
202 1803 262 1882 μὲν
277 1813 306 1864 et
328 1797 350 1884 ἤ
371 1803 542 1876 emittentis,
567 1799 750 1864 confirmavit
765 1800 927 1864 Alexandri
948 1800 1147 1886 paraphrasis.

142 1917 242 2001 Atque
265 1915 338 1980 adeo
363 1938 400 1980 ex
422 1919 488 2002 ipso
513 1916 683 1980 Alexandro
706 1916 889 2002 intelligitur,
915 1918 965 2002 qui
988 1917 1037 1980 illa
1060 1919 1150 1979 inter·

142 2031 255 2117 polatio
286 2045 350 2096 orta
378 2035 425 2096 sit.
471 2031 545 2096 Nam
576 2032 725 2118 glossator
748 2031 867 2118 quidam
892 2034 921 2094 in
945 2032 1075 2117 margine
1099 2030 1150 2094 ad·

138 2139 251 2230 jecerat
283 2147 320 2210 ad
356 2147 562 2232 κινηθήσεται
595 2147 798 2211 subaudienda
829 2158 891 2210 esse
919 2140 960 2209 ool
988 2149 1151 2209 assaradon

144 2259 308 2345 δυνάμενα
331 2257 414 2324 αὐτὰ
436 2263 481 2326 vel
512 2263 707 2348 negligentius
735 2264 931 2343 κινουμένων
952 2256 1010 2325 ὑπ”
1034 2257 1150 2334 αὐτῶν,

142 2377 218 2440 alius
242 2377 361 2463 quidam
385 2381 495 2441 variam
524 2377 677 2442 lectionem
701 2373 755 2440 ὑπ’
781 2373 892 2442 ἄλλων
914 2411 954 2424 -·
977 2377 1091 2459 τέχνην
1113 2373 1151 2438 ad

140 2495 207 2555 τῶν
223 2487 281 2570 οὐχ
298 2531 334 2544 -
354 2495 467 2576 τέχνην
482 2492 687 2556 adnotaverat.
723 2493 774 2556 His
790 2471 973 2577 glossematis
989 2495 1149 2554 intextum

142 2607 230 2671 illatis
258 2608 420 2692 particulae
448 2612 508 2690 μὲν
530 2621 559 2672 et
585 2609 605 2692 ἢ
629 2608 666 2672 ad
691 2607 781 2672 verba
808 2608 984 2693 interpolata
1012 2630 1077 2672 oum
1101 2610 1151 2693 g'e·

142 2724 241 2810 nuinis
271 2722 476 2809 conjungenda
505 2699 697 2809 interpositae
721 2735 805 2800 sunt3
838 2723 875 2787 ab
899 2735 1030 2786 extrema
1053 2735 1150 2786 tamen

143 2837 210 2901 labe
240 2837 304 2902 eod.
329 2837 369 2900 Ab
388 2840 501 2922 integer
529 2839 644 2902 mansit.
691 2837 884 2902 Difficultates
912 2839 1005 2924 igitur
1026 2840 1055 2900 in
1085 2858 1151 2900 eor·

143 2953 258 3037 ruptela
281 2953 370 3038 lustjus
387 2955 600 3016 eutrociationis
617 2955 764 3038 quaesivi3
789 2956 941 3039 sequentia
958 2955 1033 3016 enim
1049 2952 1149 3027 verba,

143 3065 194 3158 das
215 3066 336 3150 τρόπον
351 3063 423 3133 τινὰ
444 3067 551 3131 πάντα
573 3071 714 3146 γίγνεται
729 3065 764 3144 ἐξ
782 3062 964 3150 ὁμωνύμου,
988 3065 1093 3150 ὥσπερ
1108 3062 1149 3129 sd

144 3177 254 3267 φύσει,
278 3179 297 3266 ἢ
319 3181 352 3244 ἐκ
373 3185 489 3267 μέρους
512 3177 692 3264 ὁμωνύμου,
715 3176 818 3267 οἷονῆ
838 3184 922 3246 οἰκία
936 3181 972 3259 ἐξ
988 3182 1090 3256 οἰκίας
1102 3227 1109 3244 .
1123 3225 1152 3246 ..

151 3299 164 3318 m

143 3321 163 3380 η
188 3295 221 3358 ἐκ
241 3299 357 3379 μέρους
377 3299 398 3381 ἢ
421 3295 549 3377 ἔχοντός
570 3319 600 3359 τι
621 3299 726 3380 μέρος,
750 3296 833 3362 laeile
857 3299 997 3384 explicari
1014 3311 1149 3384 possunt,

144 3411 233 3476 modo
263 3417 344 3498 quis,
376 3399 471 3498 ipsum
494 3414 710 3487 Anseoutus,
742 3412 886 3499 duplicem
909 3417 968 3476 vim
993 3403 1151 3478 verborum
1259 3487 1264 3494 ,

144 3525 179 3590 ἐκ
200 3529 316 3614 μέρους
337 3539 416 3593 reete
439 3541 591 3592 assecutus
614 3529 682 3593 erit:
708 3529 806 3590 omnia
827 3527 903 3591 fiunt
926 3541 977 3592 aut
1000 3551 1039 3592 ex
1061 3541 1151 3614 syno-

144 3645 241 3731 nymis
265 3638 459 3726 (ἄνθρωπος
481 3642 516 3720 ἐξ
535 3635 741 3727 ἀνθρώπου),
766 3656 817 3707 aut
832 3666 871 3708 ex
887 3643 938 3721 eo,'
957 3641 1038 3729 quod
1054 3642 1152 3729 aliqua

145 3781 183 3824 ex
206 3771 291 3845 parte
314 3780 511 3846 synonymum
536 3757 651 3823 dicatur
675 3751 707 3842 (ἢ
732 3758 817 3822 aiala
839 3751 859 3843 ἦ
883 3754 1001 3836 ἔχουσα
1022 3755 1103 3841 ὕλην
1118 3755 1152 3820 ἐκ

143 3873 199 3960 τῆς
222 3872 300 3940 ἄνευ
322 3873 400 3962 ὕκης
423 3871 549 3955 οἰκίας),
574 3887 627 3940 aut
649 3886 786 3961 exparte
804 3873 987 3961 quadamso.
1005 3876 1153 3961 reisyno·
