2782 4612
501 361 504 372 ⁴
581 355 739 456 m„

155 516 305 625 llxemplis
328 538 464 625 quamvis
487 536 599 603 scabris
621 547 683 602 rein
706 537 894 604 illustremus.
941 537 975 604 st
999 539 1065 627 quis
1089 537 1165 606 iorte

155 655 245 718 latare
269 675 285 718 a
308 665 385 718 teoto
411 654 531 740 delapso
551 675 663 730 caesus,
687 654 761 718 later
779 667 876 718 autem
893 657 1004 742 impetu
1020 656 1165 742 procellae

156 769 277 833 avulsus
304 767 408 848 luerit,
438 773 513 836 ratio
545 769 582 834 ad
611 791 729 834 eausam
754 770 891 836 movendi
914 769 1081 836 reducenda
1104 784 1163 850 est;

155 887 202 949 sin
225 887 274 950 eui
297 885 397 950 subito
420 888 452 950 in
474 899 599 976 montem
617 889 744 963 venerit,
770 889 799 949 in
824 907 907 951 suam
923 887 1021 951 villam
1044 909 1076 951 ss
1093 909 1164 952 eon·

154 1000 246 1078 ferro,
282 1002 312 1064 in
340 1003 444 1066 itinere
479 1015 577 1066 autern
608 1025 624 1066 a
654 1001 820 1067 latronibus
850 1003 1033 1090 exspoliatus
1064 1002 1162 1081 luerit,
1270 1021 1272 1026 ·

156 1135 245 1181 eausa
274 1115 312 1180 ad
339 1117 426 1181 linem
455 1117 600 1205 quendam
625 1117 792 1183 reducenda
816 1131 869 1183 est.
916 1119 946 1182 ln
971 1121 1050 1182 omni
1072 1121 1164 1205 igitur

154 1252 187 1295 re
220 1229 359 1308 fortuita,
398 1253 458 1319 quo
487 1255 523 1297 ax
553 1255 708 1298 causarum
741 1257 846 1320 genere
876 1256 923 1298 res
952 1233 1086 1320 proiecta
1114 1235 1162 1309 sit,
1266 1229 1268 1234 ’

154 1357 267 1411 attento
291 1351 388 1412 animo
412 1350 580 1414 examinaro
603 1349 655 1412 Ar.
677 1349 775 1434 jubet.
810 1349 924 1414 Attenti
947 1352 1039 1436 igitur
1056 1348 1162 1414 simusl

155 1461 229 1530 Cum
254 1467 330 1528 enim
347 1464 400 1529 Ar.
425 1466 525 1550 priore
547 1464 614 1528 loeo
638 1485 756 1528 oausam
780 1465 987 1529 accidentalem
1011 1464 1049 1528 ad
1073 1477 1163 1529 mate·

152 1583 225 1644 riam
246 1579 431 1645 referendam
455 1601 518 1644 esse
541 1579 665 1656 dixerit,
689 1581 829 1656 huonon
853 1580 891 1644 ad
916 1601 1016 1644 omnes
1037 1601 1083 1644 res
1101 1579 1163 1644 lor-

153 1697 243 1760 tuitas
273 1693 393 1760 extendi
421 1715 510 1781 posse
540 1709 673 1782 apparet.
719 1696 817 1760 Antea
840 1670 911 1795 vepo
939 1691 1065 1778 (tebet
1082 1694 1176 1782 sqq.)¹

152 1811 204 1875 Ar.
228 1810 354 1876 lonuito
380 1810 444 1875 lieri
467 1823 636 1888 monuerat,
667 1813 691 1874 si
717 1809 793 1876 sorte
817 1811 922 1877 diebus
946 1810 1161 1877 canicularibus

152 1925 264 2012 frigore
291 1928 389 1990 ornnia
416 1938 571 2011 torpeant,
601 1939 653 1990 ant
681 1939 814 2012 tempore
842 1924 967 1991 hiberno
997 1939 1080 1992 aestu
1108 1926 1162 1990 fla·

135 2053 247 2128 ‘great
292 2041 358 2106 lam
387 2061 453 2105 eum
483 2061 585 2104 causas
612 2040 717 2106 harum
740 2039 929 2107 fortuitarum
953 2059 1051 2107 rerum
1074 2029 1183 2108 uniee'

152 2155 189 2227 ad
218 2159 367 2220 materiam
396 2155 579 2221 reducendae
609 2177 671 2222 osse
699 2159 889 2243 perspicuum
912 2158 966 2233 sit,
996 2158 1045 2222 illa
1069 2157 1160 2224 verba

151 2269 231 2376 ὤσῃ
253 2263 274 2356 ἤ
296 2269 356 2356 ὕλη
376 2309 410 2324 -
431 2271 663 2356 συμβεβηκότος
692 2271 729 2335 ad
759 2271 831 2338 haec
855 2272 1159 2360 exemplapertinere

151 2385 220 2450 milri
249 2407 424 2474 persuasum
451 2387 557 2454 babeo.
607 2387 667 2453 Sed
691 2411 755 2476 quo,
774 2389 841 2452 loeo
865 2388 955 2454 verba
979 2392 1043 2476 ipsa
1068 2390 1160 2456 eollo·

151 2501 243 2568 canda
274 2503 348 2577 sint,
385 2500 501 2566 diffieile
532 2517 577 2568 est
605 2503 701 2580 dictu,
737 2506 806 2591 quia
835 2516 898 2569 tota
928 2518 1059 2570 extrema
1088 2529 1159 2592 pars

150 2637 214 2704 cap.
231 2615 254 2681 ll
277 2618 363 2681 nimis
381 2616 508 2704 ¹turbata
531 2630 584 2682 est.
620 2617 684 2701 Qun
707 2623 738 2682 in
761 2641 791 2684 re
816 2619 852 2684 ad
874 2641 962 2686 unam
978 2643 1039 2687 rem
1056 2623 1158 2688 oeulos
1254 2593 1261 2606 ι

148 2733 291 2798 laetorum
320 2732 463 2798 direxisse
485 2733 597 2812 velim„
627 2735 659 2796 ln
682 2737 933 2820 praestantissima
958 2737 1158 2824 disputatione

96 2879 99 2886 =
147 2846 216 2912 libri
231 2853 267 2912 ll.
291 2869 316 2914 e.
330 2848 394 2912 Vlll
417 2851 510 2934 prima
533 2855 602 2935 par's
626 2849 716 2936 hujus
740 2872 804 2937 cap.
821 2851 845 2915 ll
862 2869 907 2904 ·-
923 2849 1036 2917 tenen
1061 2866 1091 2917 et
1106 2873 1157 2918 ex·
1194 2876 1212 2896 „

147 2975 241 3028 trema
263 2963 331 3028 inde
355 2963 392 3029 ab
418 2963 473 3029 27ἃ
493 2963 534 3030 18
554 2965 677 3030 brevius
700 2969 841 3053 repetitae
864 2968 1013 3054 leguntur.
1055 2968 1086 3032 ln
1109 2969 1156 3039 his

148 3091 246 3144 autem
269 3078 404 3165 partibus
425 3101 489 3166 cap.
506 3077 530 3144 ll
554 3093 582 3145 et
605 3103 658 3167 per
680 3095 776 3146 totum
800 3097 890 3170 eaput
904 3084 941 3147 lll
963 3083 1039 3148 duaa
1062 3087 1157 3170 potis·

147 3197 251 3284 simum
276 3197 463 3282 quaestiones
487 3195 658 3263 solvuntur:
682 3198 791 3264 nullam
815 3221 877 3263 esse
893 3202 1042 3265 seientiam
1057 3222 1155 3266 rerum

147 3307 368 3374 accidentalium
392 3322 421 3375 et
444 3331 547 3377 causas
569 3333 667 3377 rerum
690 3311 880 3380 fortuitarum
903 3319 1013 3403 primas
1031 3329 1061 3382 et
1075 3319 1156 3402 ipsas

58 3428 61 3436 ’
146 3423 284 3489 fortuitas
307 3444 360 3490 nee
384 3426 421 3492 ab
446 3427 501 3492 alia
525 3449 613 3492 eausa
637 3427 785 3515 prolectas
809 3453 881 3495 esse.
927 3432 992 3495 lam
1017 3434 1042 3495 si
1064 3434 1155 3496 inter·

140 3540 326 3625 jactaverim
349 3544 536 3627 respicimus,
561 3543 679 3608 eaedem
704 3544 759 3610 hae
783 3544 858 3610 duae
880 3549 1067 3633 quaestiones
1084 3547 1155 3612 diri·

145 3667 280 3734 rotantur:
305 3656 412 3720 nnllam
436 3648 533 3722 artem
552 3656 678 3744 (τέχνην
701 3657 743 3725 ali
762 3659 916 3752 ἐπιστήμῃ
937 3663 994 3727 hoa
1011 3663 1076 3727 loeo
1092 3684 1154 3728 non

145 3765 340 3853 diversam¹ll
363 3792 461 3836 rerum
485 3771 673 3842 fortuitarum
697 3797 760 3842 esse
783 3776 1002 3844 demonstratur
1018 3773 1086 3858 (27⁸
1102 3775 1152 3861 6);
1176 3794 1182 3808 ·

147 3881 355 3896 Ι-ὺ--ϋ-ο-ιι-

202 3927 222 3995 ¹)
247 3923 277 3981 ei.
296 3923 389 3983 Bonita
408 3929 517 4001 metaph.
536 3927 571 3998 ll,
583 3929 626 3985 46.
