2784 4606
678 335 838 432 -aL

181 599 186 607 .
252 511 387 590 tenditis,
411 514 489 590 isne,
515 514 567 600 qui
590 534 650 577 rem
673 515 714 578 ita
738 535 769 578 se
792 512 901 578 habere
925 524 955 577 et
976 511 1061 576 sicnnl
1085 533 1145 576 oon
1162 533 1194 577 se
1208 511 1270 576 ba-

251 627 321 694 bere
350 627 491 707 declaret,
523 649 624 693 verum
649 628 740 693 dicit?
775 629 874 716 Atque
898 631 923 692 si
947 629 1061 714 etipse
1084 625 1196 693 fallitur
1221 667 1263 680 -

251 744 337 808 valde
366 747 441 809 enim
471 747 519 808 isti
545 744 709 826 cavebant,
729 754 777 810 'ne
801 766 887 832 quem
910 765 1011 808 verum
1037 743 1134 809 dicero
1157 765 1268 808 couce-

252 859 355 924 derent
388 899 423 914 -
455 860 606 948 quomodo
636 883 706 937 vos,
739 860 879 926 Heracliti
909 859 1049 935 asseclae,
1080 859 1264 926 contendere

251 979 390 1062 potestis,
421 976 505 1040 talem
531 997 594 1040 esse
617 997 714 1040 rernm
738 988 886 1051 naturam,
918 959 1054 1039 nimirum
1079 977 1118 1038 ita
1143 996 1267 1060 compo-

251 1104 360 1168 ratam‚
391 1103 425 1156 ut
446 1113 493 1156 res
517 1103 661 1177 perpetuo
685 1091 804 1156 flumina
827 1091 996 1165 volvantur,
1022 1088 1266 1176 necquidquam

252 1209 406 1270 immotum
430 1220 554 1271 mancat.
602 1205 716 1270 Etenim
745 1209 809 1283 isti,
841 1209 891 1292 qni
921 1207 994 1290 ipsis
1017 1205 1064 1269 his
1088 1207 1266 1270 commentis

250 1321 287 1384 de
316 1333 461 1407 perpetuo
490 1321 609 1385 flumine
638 1343 705 1397 eos,
737 1323 787 1406 qni
810 1342 907 1384 rernm
931 1332 1067 1384 naturam
1090 1319 1266 1383 definientes

251 1438 550 1522 circumscripserant,
575 1435 803 1522 redarguebant,
822 1439 868 1511 iis,
886 1438 935 1522 qui
954 1434 1176 1499 affirmationem
1193 1456 1264 1498 cum

251 1552 408 1636 negatione
421 1550 532 1638 ubique
546 1553 769 1638 conjungerent,
782 1549 955 1637 adstipulari
969 1549 1125 1614 debebant.
1145 1546 1263 1631 Quodsi

250 1665 306 1730 hos
331 1687 450 1754 quoqne
467 1689 567 1730 verum
592 1667 689 1732 dicere
713 1679 838 1753 negant,
863 1666 1015 1730 doctrinae
1033 1687 1104 1728 snae
1120 1666 1177 1750 ipsi
1193 1662 1265 1727 lun·

250 1781 419 1846 dementum
442 1755 633 1846 subtrahunt.
668 1781 734 1845 darn
758 1785 782 1845 si
806 1781 966 1846 adversarii
989 1780 1141 1864 paululum
1158 1781 1264 1842 remis-

250 1900 343 1960 siores
367 1919 467 1961 verum
497 1919 533 1962 ne
556 1898 637 1960 illum
663 1895 779 1982 quidem
804 1895 916 1972 dicere,
947 1895 999 1960 sed
1022 1908 1119 1960 tamen
1142 1895 1263 1989 veritati

249 2013 342 2098 magis
372 2013 612 2098 appropinquare
643 2013 789 2088 dixerint,
821 2012 919 2098 aliqua
941 2023 1020 2076 certe
1044 2023 1188 2097 exparte
1212 2031 1263 2074 res

250 2125 385 2190 definitae
413 2139 496 2190 sunt:
526 2127 606 2192 buno
634 2129 709 2191 enim
734 2130 877 2192 veriorem
902 2127 951 2192 illo
975 2127 1147 2191 senteutiam
1171 2123 1260 2200 lcrre,
1369 2191 1370 2206 ,

249 2242 366 2306 illorum
399 2245 576 2330 pertinaciae
607 2245 669 2328 jam
699 2255 849 2307 extortum
881 2255 933 2306 cst.
987 2240 1068 2306 Neve
1103 2243 1169 2327 quis
1199 2241 1262 2304 hoc

251 2359 385 2443 argutius
414 2357 596 2442 disputatum
626 2379 688 2420 csso
718 2371 848 2434 censeat3
878 2356 1027 2421 subtilitas
1051 2356 1194 2443 quaedam
1218 2355 1259 2420 ab

251 2474 358 2536 astutia
380 2470 632 2548 adversariorum,
658 2473 803 2560 quidquid
827 2475 893 2559 quis
917 2471 1026 2536 dixerit
1043 2474 1071 2535 in
1089 2473 1259 2557 oppositam

250 2585 492 2651 contradictionis
519 2601 632 2673 partem
667 2591 774 2652 inverti
803 2609 891 2674 posse
920 2587 1158 2653 contendentium
1187 2609 1260 2672 pro-

249 2715 354 2768 vocata
377 2701 442 2767 luit.
479 2701 637 2789 Sequentis
661 2702 787 2789 deniqne
811 2706 1025 2768 enunciationis
1047 2705 1124 2767 ratio
1143 2703 1195 2766 etsi
1216 2740 1253 2754 -

250 2840 286 2882 ne
305 2817 402 2882 ullam
431 2840 491 2881 rom
516 2817 718 2882 fraudulenter
741 2820 872 2881 omittam
907 2859 942 2870 -
973 2820 1109 2906 vulgatae
1138 2819 1259 2882 lectioni
1367 2849 1368 2858 κ

248 2935 429 3019 patrocinari
445 2932 577 3008 videtur,
601 2954 637 2996 ne
662 2937 690 2996 in
714 2945 815 2997 nostra
839 2934 956 3020 quidem
981 2935 1176 3020 explicatione
1202 2934 1258 2996 im-

248 3059 377 3133 portuna
401 3061 454 3112 cst.
490 3048 562 3113 Nam
586 3071 652 3112 cnm
671 3060 756 3112 autea
772 3050 824 3113 Ar.
842 3052 1016 3133 posterioris
1033 3061 1146 3113 tanturn
1162 3050 1257 3134 partis

248 3161 422 3227 dilemmatis
443 3165 586 3227 rationem
609 3162 775 3239 habuisset,
802 3185 878 3230 nnnc
900 3176 1188 3251 utramquepartem
1210 3161 1257 3227 i‘e-
1366 3213 1367 3218 η

247 3281 356 3363 spexit,
381 3299 434 3342 uec
450 3299 526 3364 opus
542 3278 607 3354 luit,
630 3291 665 3342 ut
687 3282 815 3364 priorem
838 3293 961 3366 partem,
985 3301 1039 3366 per
1055 3290 1151 3342 toturn
1167 3289 1257 3364 caput

243 3395 305 3477 jam
330 3392 536 3478 disceptatam,
562 3393 659 3458 denuo
684 3396 834 3479 speciatim
858 3406 1018 3458 excuteret.

317 3505 417 3572 1013¹³
433 3506 484 3574 16.
508 3507 638 3573 ἅπαντα
662 3507 699 3571 δὲ
721 3505 761 3570 noi
784 3511 844 3572 νῦν
859 3509 1009 3593 εῖρημένα
1024 3511 1113 3574 αἴτια
1129 3510 1174 3584 εἷς
1186 3509 1255 3573 aa'r-

247 3644 348 3706 ταρας
362 3621 501 3706 τρόπους
515 3627 622 3687 πίπτει
633 3617 709 3696 τούς
724 3624 979 3707 φανερωτάτους.
1003 3624 1077 3690 Cum
1090 3627 1142 3690 Ar.
1157 3647 1254 3690 exem·

247 3737 297 3822 pla
312 3739 341 3800 iu
357 3740 457 3822 priore
474 3740 579 3824 capitis
595 3750 679 3822 parte
695 3738 783 3802 allata
796 3741 823 3801 in
839 3752 968 3826 quatuor
980 3762 1134 3806 cansarum
1147 3761 1253 3828 genera

242 3853 303 3944 jam
320 3853 482 3938 redegisset
500 3849 524 3932 (ἃ
540 3850 694 3934 25-33),
716 3875 822 3939 parurn
842 3855 983 3920 concinne
999 3856 1051 3921 Ar.
1068 3878 1156 3934 nunc,
1180 3867 1254 3920 tam·
