2782 4612
506 369 510 376 .
628 291 787 390 ..asr-

197 495 276 538 mero
301 473 495 560 sphaerarum
519 469 664 536 offensum
688 491 767 546 esse,
793 484 823 536 et
845 471 986 538 audacter
1009 469 1214 538 difficultatem

197 589 311 652 amoliri
335 601 463 652 tentasse
486 585 766 650 Pseudoalexauder
788 609 817 672 p.
840 585 921 663 681,
940 586 987 652 20
1011 587 1058 652 etl
1083 587 1156 652 Bon.
1183 601 1214 654 et

197 703 368 789 Simplicius
390 704 409 767 l.
428 703 446 765 l.
464 724 493 787 p.
511 699 589 764 5022
607 697 649 766 36
666 699 841 766 docuerunt.
878 701 1100 768 Multitudinem
1116 715 1213 767 autem

198 818 338 894 deorum,
368 821 397 880 in
422 814 483 882 Cic.
508 817 574 881 loco
604 827 809 893 memoratam,
842 815 880 880 ad
903 817 1025 882 eandem
1048 819 1212 903 expositio-

197 955 262 996 nem
278 933 471 1020 sphaerarum
487 930 669 996 referendam
685 951 748 994 esse
760 931 821 1014 jam
838 931 938 1016 paullo
956 930 1098 997 audacius
1113 933 1208 1016 posui.

196 1049 272 1112 Hinc
295 1049 461 1112 necessario
487 1058 716 1110 consentaneum
741 1067 803 1110 esse
825 1045 999 1124 videbatur,
1023 1045 1132 1110 librum
1152 1057 1212 1110 ter·

198 1165 271 1226 tium
296 1162 332 1226 de
355 1161 562 1247 philosophia,
595 1183 611 1222 a
636 1157 696 1223 Cic.
722 1160 858 1236 allatum,
883 1181 899 1223 a
923 1159 999 1224 libro
1023 1160 1151 1246 metaph.
1168 1163 1211 1224 Λ.

197 1299 258 1340 non
283 1275 431 1340 diversum
456 1295 535 1350 essc;
559 1295 627 1338 nam
649 1275 674 1336 si
691 1271 764 1338 aliua
781 1286 924 1339 tractatus
941 1272 1069 1358 ejusdem
1090 1277 1132 1338 rei
1149 1272 1211 1339 Cic.

198 1404 228 1455 et
251 1389 403 1476 Sosigenis
433 1389 616 1475 temporibus
640 1390 817 1464 exstitisset,
851 1386 1011 1474 Sosigenes
1034 1391 1096 1452 sine
1120 1387 1211 1454 dubio

199 1509 228 1568 in
252 1503 426 1590 explicanda
449 1504 498 1568 illa
522 1503 695 1568 difficultate
712 1503 750 1568 ad
765 1503 846 1567 illum
863 1502 952 1569 alium
968 1515 1125 1572 tractatum
1142 1525 1213 1568 cou-

199 1620 332 1708 fugisset.
378 1618 452 1683 lllud
481 1641 551 1682 sane
580 1617 745 1695 transsilui,
778 1616 916 1704 Sosigeui
938 1621 969 1682 iu
992 1631 1052 1682 tam
1076 1631 1213 1684 accurata

200 1739 387 1823 expositione
408 1734 518 1798 librum
532 1732 597 1810 Ar„
623 1755 709 1819 quem
733 1735 945 1818 interpretatus
960 1735 1007 1808 sit,
1031 1733 1213 1798 laudandum

198 1853 299 1928 luisse,
323 1864 353 1915 et
375 1853 400 1914 si
423 1850 512 1913 alium
534 1847 644 1933 librum
668 1868 701 1910 ae
722 1847 851 1930 metaph.
868 1850 910 1909 A.
929 1860 1129 1925 memorasset,
1154 1848 1221 1914 hoc'

200 1971 252 2030 vix
267 1961 580 2030 Pseudoalexaodrum
604 1975 633 2026 at
648 1961 832 2048 Simplicium
856 1959 957 2047 fugere
979 1964 1124 2045 potuisse.
1152 1960 1214 2028 Sed

200 2084 288 2144 missa
314 2083 371 2145 ista
395 2077 616 2168 quaestiuncula
640 2076 750 2164 gaudio
776 2075 923 2152 exultavi,
953 2075 1025 2140 mihi
1049 2095 1127 2140 nuuc
1151 2097 1214 2140 ccr-
1324 2073 1333 2082 ’

199 2198 321 2260 tissimis
356 2197 535 2283 argumentis
569 2195 645 2257 illam
675 2192 754 2256 litem
783 2191 818 2255 de
850 2189 911 2256 Cic.
940 2191 1006 2255 loco
1036 2211 1213 2278 componere

138 2311 145 2316 ’
201 2313 370 2397 contigisse,
395 2332 448 2375 uec
472 2310 607 2375 dubitavi
630 2306 772 2393 pauculas
796 2305 859 2370 illas
882 2327 944 2382 res,
969 2327 1044 2392 quac
1060 2309 1213 2372 concinere

138 2487 145 2498 ,
200 2445 260 2488 non
285 2423 471 2500 videbantur,
495 2445 562 2488 cum
585 2401 841 2506 Krischiovetleji
863 2421 1003 2508 Epicurei
1024 2421 1138 2486 levitati
1158 2422 1214 2484 im·

189 2554 316 2628 putare.
989 2539 992 2552 '

267 2655 332 2719 Jam
362 2655 509 2740 quaesivi,
540 2653 659 2737 quinam
689 2650 749 2714 duo
778 2653 893 2736 priores
921 2649 989 2715 lihri
1012 2651 1088 2716 illius
1105 2654 1212 2736 ¹operis

202 2771 239 2836 ele
261 2770 452 2858 philosophia
468 2768 586 2833 luerint.
619 2768 719 2853 Atque
734 2765 823 2830 Petiti
832 2759 852 2846 ¹)
876 2768 1016 2852 suspicio,
1042 2779 1101 2830 tres
1118 2766 1213 2832 libros

202 2886 562 2974 metaph.ll1.N.A.io
586 2903 677 2945 uuum
701 2903 778 2967 opus
803 2880 838 2946 de
861 2881 1052 2968 philosophia
1077 2882 1212 2948 redactus

204 3023 282 3078 esse,
306 3000 377 3064 mihi
401 3001 457 3064 hac
482 2999 517 3064 de
535 3021 624 3064 causa
640 3018 700 3061 uon
716 2995 843 3081 probata
860 3009 919 3073 est,
945 3000 1015 3082 quia
1030 2997 1099 3062 libri
1114 3003 1162 3062 M.
1173 3002 1214 3062 N.

204 3130 281 3180 certe
306 3118 415 3180 arctius
439 3136 505 3180 cnm
528 3114 604 3180 libro
620 3117 661 3174 B.
685 3114 835 3197 conjuncti
859 3125 938 3177 sunt.
974 3107 1120 3194 Titzius')
1141 3131 1213 3177 vero

205 3243 233 3296 et
255 3224 445 3313 Krischius')
477 3231 666 3304 senteutiam,
699 3229 764 3291 illos
793 3227 887 3292 libros
910 3226 946 3292 de
969 3227 1160 3314 philosophia
1183 3230 1214 3292 in

203 3346 286 3412 libris
311 3345 438 3433 metaph.
456 3348 545 3410 ΑΚ.
558 3348 600 3408 Λ.
617 3345 704 3408 nohis
729 3356 920 3408 conservatos
944 3365 1016 3418 csse,
1042 3343 1113 3408 mihi
1129 3366 1214 3408 uum-

204 3483 292 3550 quam
321 3461 541 3549 probaverunt,
572 3474 601 3526 et
624 3483 738 3548 semper
760 3463 883 3531 miratus
906 3482 971 3525 sum
994 3459 1124 3526 Krischii
1149 3460 1215 3547 opi-

203 3580 321 3660 nionem
344 3580 415 3640 viris
440 3575 617 3656 doctissimis
640 3576 825 3663 prohabilem
848 3578 942 3658 visam
965 3597 1037 3642 csse.
1082 3575 1157 3644 Nam
1180 3588 1216 3642 ut

194 3719 196 3724 Ι
245 3744 282 3814 χ’)
306 3740 417 3795 llliscell.¹
434 3741 472 3795 Ν
491 3759 510 3794 c.
524 3740 549 3794 9.

261 3841 282 3907 ³)
305 3837 323 3891 l.
336 3838 353 3890 l.
371 3852 397 3908 p.
410 3835 552 3891 70-113.
611 3879 613 3884 .

261 3937 282 4004 ⁸)
304 3934 353 3989 1.1.
372 3953 396 4006 p.
410 3931 545 4001 2711271.
