2782 4612
634 351 808 452 Q.

209 531 280 616 quin
303 529 352 594 hie
374 525 449 594 liber
463 539 567 614 postea
584 527 700 596 denum
717 530 754 595 ab
770 529 823 596 Ar.
842 551 877 594 eo
894 529 1018 598 oonsilio
1034 533 1224 619 conscriptus

208 646 263 720 sit,
286 655 321 710 nt
344 665 392 721 ea,
418 665 494 732 quae
515 647 544 708 iu
560 644 617 709 iliis
632 645 715 710 libris
730 643 883 710 incondita
897 667 931 709 aa
946 645 1067 714 turbata
1078 647 1223 730 jacerent,

207 762 238 824 in
256 760 368 844 justam
391 771 481 845 atque
504 759 664 844 elegantem
689 757 812 826 formam
835 759 991 853 redigeret.
1026 760 1054 826 ls
1077 763 1153 826 enim
1177 775 1225 826 est

208 873 319 938 in·hoo
343 871 420 938 libro
445 873 542 938 oiarus
565 873 742 958 disponendi
767 873 857 950 ordo,
886 876 913 938 is
934 878 1095 941 continuus
1120 875 1224 960 dispu-

207 967 290 1077 tnndi
313 999 408 1060 tenor,
432 987 458 1052 is
481 986 624 1052 candidus
648 987 785 1054 dictionis
801 991 890 1064 nitor,
915 1001 949 1056 ut
963 989 1017 1054 Ar.
1034 991 1223 1064 suavitatem,

209 1123 298 1187 quarn
315 1099 420 1166 Cicero
443 1113 472 1166 et
486 1100 664 1168 Plutarchus
688 1101 872 1188 praedicent,
897 1123 1060 1190 agnoseere
1075 1103 1224 1190 nobis'vi·
1303 1095 1307 1100 ’

210 1214 340 1280 duamur.
375 1213 489 1296 Quodsi
509 1217 570 1298 jaun
595 1215 651 1280 hae
667 1214 704 1280 de
720 1238 810 1282 eausa
825 1216 994 1294 Brundisio,
1020 1218 1098 1284 hune
1113 1218 1224 1284 librum
1246 1259 1260 1302 ,-

133 1345 135 1352 ‘
210 1335 277 1394 ante
299 1328 460 1414 pleniorem
483 1341 641 1396 treetatutn
665 1333 866 1416 conscriptum
890 1353 954 1398 esse
976 1326 1144 1414 unsenti'),
1169 1332 1225 1399 ad·

209 1443 344 1530 stipulari
367 1464 426 1508 non
450 1463 620 1528 possumus,
644 1446 752 1530 singuli
776 1467 896 1533 quoque
920 1447 977 1512 inei
993 1446 1032 1514 ad
1047 1469 1224 1514 menrasen-

209 1562 329 1624 tentiant
359 1557 563 1624 stabiliendam
592 1559 704 1635 valent,
741 1558 778 1623 ds
806 1559 916 1646 quibus
946 1564 977 1625 in
994 1573 1091 1647 ‘parte
1122 1564 1225 1628 oritina

210 1665 361 1758 egimns⁸).
397 1671 552 1738 Praeterea
576 1693 626 1738 eae
649 1676 904 1752 iuoouoiunitates‚
929 1697 1003 1761 ques
1027 1698 1065 1740 ex
1088 1675 1225 1741 conflatis

192 1777 360 1872 'prioribus
382 1787 439 1851 iliis
462 1787 700 1854 institutionibus
722 1787 871 1872 proiectas
893 1811 957 1856 esse
980 1789 1223 1876 significavimus,

209 1901 267 1966 hoe
289 1903 320 1965 in
344 1901 420 1966 libro
445 1904 570 1966 evitatae
593 1914 673 1969 sunt.
711 1900 762 1968 Sic
777 1903 831 1968 Ar.
856 1906 885 1969 in
907 1903 986 1968 liban
1001 1908 1039 1968 K.
1061 1904 1168 1971 librum
1184 1907 1225 1966 Δ.

210 2027 287 2080 eerte
311 2036 348 2080 ex
373 2016 580 2101 metaphysicis
605 2018 800 2083 exterminare
824 2028 853 2080 et
876 2015 1079 2100 disputatione
1102 2039 1226 2087 tenura·

209 2133 295 2206 tiore,
320 2151 358 2199 ex
380 2129 463 2195 libris
478 2133 515 2190 Ζ.
528 2134 570 2192 H.
582 2130 622 2194 Θ.
633 2134 659 2193 Ι.
683 2142 838 2216 excerpta,
862 2148 1001 2215 reparare
1018 2132 1147 2198 voluisse
1160 2134 1224 2216 jam
1253 2205 1256 2208 Α

210 2244 278 2310 bino
302 2257 433 2334 apparet,
458 2244 541 2329 qnod
563 2247 583 2308 ii
606 2245 663 2311 ioa'i
685 2244 752 2310 libri
768 2249 800 2309 B
816 2257 845 2310 et
861 2246 893 2319 13
917 2266 993 2331 qnos
1009 2245 1047 2310 ad
1062 2245 1170 2314 librum
1184 2250 1226 2310 Δ.

210 2362 375 2441 necessario
398 2357 568 2425 referendos
592 2380 655 2424 esso
678 2379 770 2444 supra
794 2357 881 2423 docui
895 2353 934 2438 ⁴),
964 2360 1022 2426 boo
1043 2362 1072 2426 in
1094 2360 1173 2426 libro
1187 2365 1226 2426 K.
1333 2425 1338 2436 ,

212 2474 311 2541 omissi
327 2482 413 2550 sunt;
435 2473 477 2539 sio
493 2493 586 2557 porro
601 2471 689 2536 finem
704 2471 793 2556 hujus
809 2472 982 2557 disciplinae
996 2475 1037 2541 itt
1053 2475 1083 2541 iu
1099 2474 1176 2540 libro
1188 2479 1227 2540 K.

212 2589 455 2672 eiteumseripsit,
479 2599 514 2650 ut
536 2588 633 2655 statim
659 2609 676 2650 a
697 2607 805 2671 genere
827 2590 892 2650 sive
914 2587 952 2652 ab
976 2599 1058 2664 ente,
1084 2610 1142 2675 qua
1155 2611 1224 2665 ens,

212 2702 460 2788 proficisceretur,
482 2712 513 2764 et
533 2700 603 2766 huie
625 2721 740 2766 ornnem
764 2700 994 2787 disputationem
1013 2703 1225 2772 adnectendam

213 2810 788 2901 essesignifinaret(ns.lt.e.li1init.
814 2829 843 2882 et
865 2819 898 2879 Γ.
918 2838 942 2880 e.
959 2814 994 2898 1).
1042 2816 1131 2899 Quod
1154 2839 1226 2881 eon·
1286 2843 1292 2847 ·
1389 2821 1390 2862 ³

212 2931 308 2997 siliunt
338 2941 434 2994 autem
458 2927 510 2991 Ar.
535 2930 566 2992 in
590 2927 723 2994 doctrina
748 2929 784 2994 de
807 2934 910 3016 priuis,
932 2931 1108 2998 substantiis
1131 2953 1226 3017 expo-

212 3043 307 3110 nenda
331 3056 487 3110 secuturus
510 3040 607 3118 inerit,
632 3057 732 3108 utrum
748 3044 834 3121 iden,
859 3067 919 3132 quo
935 3047 964 3113 in
982 3045 1066 3112 libris
1081 3049 1227 3110 M.N.A.

213 3182 285 3224 usus
309 3172 385 3235 erat,
416 3180 452 3222 an
476 3157 640 3233 diversum,
671 3159 729 3222 hoo
751 3161 804 3222 vix
829 3159 985 3244 dijudicari
1009 3172 1123 3245 potest,
1156 3163 1225 3247 quia

214 3275 362 3360 expositio
390 3271 516 3336 librili.
540 3275 578 3364 in
596 3272 672 3338 libro
693 3276 730 3334 E.
753 3273 893 3358 plenioris
917 3278 1112 3367 expositionis
1135 3278 1227 3343 inter·

157 3446 160 3450 .
214 3387 331 3455 sinitur,
374 3386 502 3476 Dignum
526 3398 622 3481 tamen
645 3398 752 3453 notatu
775 3387 806 3452 id
830 3400 888 3465 est,
914 3389 995 3475 qnod
1019 3392 1152 3476 quaestio
1177 3391 1226 3454 iiia

214 3593 255 3641 tos
268 3584 359 3650 velim,
378 3586 546 3654 posteriorem
566 3587 632 3641 enim
653 3585 733 3641 1065·
743 3584 818 3642 26-
827 3585 872 3642 ot·
884 3586 917 3641 tt
931 3588 961 3642 ad
974 3589 1146 3661 metaphysica
1159 3583 1226 3647 teate

214 3699 266 3735 non
284 3683 410 3751 pertinere
428 3680 471 3735 alii
489 3682 582 3736 affatim
602 3683 786 3752 probaverunt,
805 3684 837 3737 ri.
856 3685 958 3739 Bonita.
977 3686 1086 3756 metaph.
1099 3686 1124 3740 ll
1144 3706 1168 3757 p.
1180 3686 1226 3744 23.

173 3848 175 3852 v
272 3780 292 3846 ²)
316 3777 383 3832 Beris
397 3779 473 3833 irad.
487 3776 521 3834 34
540 3797 563 3848 p.
577 3777 611 3834 66
624 3798 696 3850 sqq.;
714 3783 808 3837 rectius
827 3781 969 3837 Ravaisson
989 3781 1006 3836 1.
1016 3767 1037 3863 13
1056 3800 1079 3853 p.
1093 3781 1136 3838 97.

272 3875 292 3943 ³)
316 3874 347 3927 ci.
365 3876 488 3945 inprimis
499 3893 523 3946 p.
536 3873 579 3942 82,
592 3873 627 3930 84
640 3895 708 3947 sqq.-

271 3971 293 4039 ⁴)
315 3989 341 4042 p.
359 3969 418 4026 104„
475 4021 479 4030 ,
498 4001 504 4010 ·
