2784 4606
581 355 719 434 ¹ll

195 535 428 623 metaphysicurn
439 534 592 600 emendare
604 545 800 600 tentaverunt.
820 532 1089 626 Quaeritucigilur,
1102 545 1202 600 utrum

196 655 267 718 istae
297 653 493 716 correctiones
527 655 557 714 in
587 663 704 714 nostros
734 648 850 714 codices
879 653 1064 737 irrepserint,
1100 669 1201 715 necne.

196 770 295 855 Atque
319 765 435 832 codices
459 787 559 831 amnes
575 765 612 833 ab
629 767 806 850 conjecturis
825 779 853 832 et
869 765 969 830 lulcrls
985 769 1127 843 virorum,
1152 767 1203 854 qul

196 896 263 947 ante
279 880 480 947 Alexandrum
502 881 585 948 libris
609 881 818 968 metaphysicis
841 881 971 948 stadium
988 881 1202 967 impenderunt,

197 1019 257 1064 unu
274 1019 383 1062 vacuos
401 998 550 1072 mansisse,
575 1019 635 1060 uno
655 998 885 1064 luculentissimo
902 997 1037 1085 exemplo
1054 995 1203 1063 docemur.
1332 1075 1334 1080 ,

197 1111 278 1178 Calai
303 1115 377 1176 enim
400 1111 452 1176 lin.
469 1134 500 1187 a,
525 1133 588 1198 cap.
604 1111 639 1176 lll
662 1113 699 1177 ab
724 1112 861 1176 omuibus
877 1111 1030 1200 codicibus
1046 1111 1136 1176 verba
1152 1111 1205 1178 nd

198 1228 309 1292 duntur
324 1227 411 1290 haec:
438 1229 513 1289 »xci
527 1227 557 1290 el
569 1226 645 1309 μιᾶς
660 1225 830 1313 ἐπιστήμης
847 1229 868 1312 ἢ
885 1225 1042 1292 πλειόνων
1059 1223 1099 1290 rel
1117 1229 1205 1292 auec

196 1482 219 1522 α
235 1479 300 1522 cura
317 1459 449 1544 sequenti
466 1457 490 1520 B
507 1470 681 1522 connectere
698 1459 853 1535 volueriut,
879 1459 992 1544 adjecta
1012 1457 1111 1536 luisse,
1137 1459 1206 1524 Alo·

198 1573 312 1639 xauder
327 1572 364 1636 ad
388 1570 416 1636 lt.
432 1573 450 1636 l.
468 1571 564 1636 docet.
601 1573 763 1638 Alexandri
780 1595 851 1639 vero
875 1577 1083 1638 commentaria
1106 1572 1142 1639 ab
1159 1575 1204 1652 ils,

199 1691 249 1774 qui
272 1690 433 1774 antiquitus
458 1709 490 1751 ea
516 1688 704 1772 exemplaria,
729 1687 807 1752 uude
830 1692 924 1754 nostri
948 1689 1063 1753 codices
1088 1688 1207 1753 descen·

197 1785 278 1879 ianr,
303 1801 490 1879 confecerint,
518 1805 635 1890 cognita
660 1815 688 1867 et
712 1805 742 1866 in
764 1804 943 1869 recensendo
966 1817 1051 1870 textu
1074 1802 1207 1868 adhibita

198 1917 303 1996 luisse,
333 1918 402 1982 hinc
430 1918 536 2004 aliquis
560 1918 696 2004 colligere
719 1921 865 2004 potuerit,
896 1922 963 2007 quia
989 1908 1100 1996 exiis,
1132 1941 1207 2007 quae

198 2031 367 2099 Alexander
382 2036 410 2095 ia
428 2036 643 2097 commentariis
658 2035 871 2110 rnouuecit,·lai
886 2035 942 2098 loci
958 2036 1127 2122 interpolati
1143 2057 1207 2100 cese

199 2148 369 2214 videantur:
398 2145 491 2224 995²,
522 2145 623 2236 οὕτως
645 2145 692 2210 ἔτι
714 2143 883 2232 discriptam
912 2147 972 2224 dcc,
1003 2137 1121 2238 inquo
1139 2153 1207 2236 jure

198 2262 367 2330 Alexander
385 2263 513 2328 offensus
536 2275 608 2338 erat,
631 2263 748 2328 codices
766 2277 991 2350 expunxerunl3
1017 2263 1170 2330 1016th
1185 2261 1208 2351 ἤ

198 2374 243 2446 cie
256 2375 276 2444 ὃ
291 2377 385 2459 λόγος
399 2374 442 2464 μὴ
458 2375 517 2454 aim
542 2379 712 2444 Alexander
726 2381 756 2442 iu
772 2379 965 2466 praecedente
981 2384 1124 2445 sententia
1142 2401 1208 2446 ver·

198 2493 246 2562 bis
263 2495 303 2580 »ἢ
322 2492 434 2579 sideni]
457 2492 562 2578 λόγῳι
589 2494 709 2558 eandem
735 2515 794 2558 nou
811 2494 956 2558 diversam
979 2517 1040 2559 rem
1060 2493 1208 2580 designari

199 2632 233 2674 eo
250 2609 400 2696 probavit,
425 2611 495 2697 quia
515 2611 544 2671 in
561 2611 693 2696 sequenti
710 2612 913 2674 enuntiatione
928 2609 1025 2673 verbis
1047 2609 1087 2694 »ἢ
1103 2603 1150 2674 niv
1163 2605 1206 2696 μὴ

199 2727 234 2790 ἓν
253 2719 289 2788 τὸ
305 2723 411 2801 aldor⁸
443 2724 565 2789 alterum
589 2724 751 2790 membrum
777 2716 887 2809 »ἢ-ὦν
909 2717 926 2786 ὃ
951 2722 1046 2802 λόγος
1067 2720 1111 2810 μὴ
1135 2723 1202 2799 aig«

199 2862 258 2905 aou
289 2838 420 2906 additum
450 2841 497 2903 sit.
544 2838 585 2902 At
614 2842 678 2926 ipsa
702 2839 886 2904 heec.vcrba
912 2842 940 2902 in
966 2838 1103 2904 carnibus
1126 2839 1207 2903 cadi-

199 2955 282 3020 cibus
307 2968 336 3019 et
353 2953 432 3040 apud
450 2953 617 3039 Asclepium
636 2955 783 3041 leguntur.
822 2953 920 3018 102th
937 2954 979 3018 22
1003 2952 1112 3020 ἔπειτα
1129 2953 1165 3019 δὲ
1180 2955 1211 3018 el

199 3067 235 3150 ἐξ
250 3069 384 3135 idacio...
404 3068 583 3134 Praecedens
599 3069 727 3153 πρῶτον
740 3065 780 3150 (ν.
797 3067 850 3150 15)
867 3091 926 3134 non
944 3091 1005 3134 eam
1021 3071 1207 3156 particulam,

200 3207 273 3274 quae
290 3187 329 3252 illi
346 3185 533 3272 respondeat,
558 3185 709 3273 subsequi,
735 3185 786 3248 sed
803 3207 840 3250 ex
857 3185 971 3253 laxiore
988 3188 1208 3252 constructione

200 3304 363 3366 orationem
383 3301 529 3388 particula
553 3295 639 3363 »dar«
663 3302 829 3367 continuari
846 3300 1018 3369 Alexander
1031 3313 1132 3379 notat3
1156 3300 1208 3366 sed

200 3417 333 3482 codicum
350 3437 510 3480 consensus
526 3412 643 3492 ἔπειτὰ,
661 3416 697 3481 ab
711 3415 882 3480 Alexandro
899 3414 1105 3491 desideratum,
1122 3437 1208 3502 prae-

200 3533 258 3597 bet.
289 3531 367 3598 982³
378 3529 418 3595 2l
436 3529 558 3596 τούτων
574 3529 610 3594 δὲ
624 3525 660 3594 τὸ
676 3536 735 3615 μὲν
750 3527 860 3595 πάντα
875 3527 1084 3608 inlucesce
1100 3530 1208 3594 πάντα

200 3647 237 3712 ab
258 3647 429 3714 Alexandro
460 3647 657 3712 desideratum
687 3647 802 3713 codices
827 3661 951 3735 excepto
977 3647 1018 3711 Tb
1039 3650 1068 3710 in
1093 3659 1206 3712 textum

198 3777 381 3849 receperunt.
415 3763 513 3830 100&
530 3762 572 3828 25
596 3763 625 3828 ei
648 3762 680 3826 δ’
696 3760 811 3848 ὁμοίως
834 3765 914 3825 καθ’
931 3759 1075 3839 ἑκάστου,
1100 3765 1129 3828 in
1146 3783 1207 3828 uuo
1263 3744 1265 3748 Ι

200 3877 301 3944 codice
317 3879 362 3944 Al
384 3880 529 3966 particula
552 3879 737 3945 adversativa
766 3877 841 3943 edi·
867 3881 1073 3944 consecutivae
1095 3874 1200 3964 »reip«
