2782 4612
633 367 789 466 „Q
904 375 915 396 ,

204 543 392 633 perdifficilis,
410 559 470 633 que
486 559 574 632 pecto
591 548 763 609 universum
778 565 872 632 genus
882 549 995 632 primes
1006 545 1214 632 philosophiae

204 656 253 738 (cd
277 657 316 724 ὃν
337 655 358 749 ᾗ
380 655 434 740 ὅν)
462 682 526 724 cum
560 661 700 746 peculiari
729 661 852 723 consilio
883 660 1013 744 ejusdem
1036 661 1215 747 ¹discipliuae

204 771 290 861 (περὶ
309 767 473 858 deceptore
488 778 543 836 etot
565 765 696 853 debeo)
711 774 951 860 conjungendum
966 778 1013 850 sit,
1039 778 1070 838 iu
1085 776 1161 840 libro
1178 780 1215 838 Κ.

202 891 360 974 perspicue
381 887 499 974 quidem
523 889 716 952 et'oooeione
736 900 890 964 tractetur,
915 892 955 953 ite
971 904 1078 967 umen,
1105 903 1213 953 utnon
1234 905 1244 918 ·

205 1005 300 1067 omnis
323 1002 479 1104 dillieultep
495 1001 649 1068 enodetur.
684 1001 757 1066 Nem
774 1023 840 1066 eum
858 1004 910 1068 Ar.
927 1007 1024 1068 stetim
1041 1017 1110 1091 post
1125 1026 1216 1091 quee-

204 1119 314 1180 etiones
338 1116 517 1202 disceptatae
540 1118 570 1178 in
596 1138 660 1202 enp.
676 1117 712 1180 lll
735 1116 767 1179 id
781 1115 1001 1182 fundumentum
1021 1119 1111 1204 hujus
1128 1118 1215 1184 disei-

204 1231 300 1316 plione
318 1232 453 1314 jecisset,
478 1242 511 1294 ut
535 1251 648 1294 ornnem
672 1233 889 1316 expositionem
913 1232 951 1322 ed
974 1253 1067 1319 genus
1091 1235 1153 1298 sive
1176 1233 1215 1298 ed

203 1323 266 1420 eos,
290 1363 349 1429 quo
365 1365 425 1420 ens,
449 1344 655 1420 contraheret
669 1343 768 1411 subito
784 1347 814 1408 io
830 1365 894 1432 cop.
904 1345 955 1410 Vll
972 1351 1056 1432 quasi
1074 1351 1216 1432 tergiver-

204 1469 286 1522 setus
308 1459 386 1522 illem
407 1462 579 1523 sententium
598 1461 627 1522 io
644 1457 719 1524 hene
736 1459 854 1522 alteram
872 1459 1000 1524 delleetlt
1019 1456 1131 1539 (loeta
1143 1459 1214 1540 28)ι

204 1570 273 1636 duci
295 1569 326 1635 δ’
341 1569 408 1635 ἔστι
428 1595 475 1647 τις
494 1570 647 1662 ἐπισιήμη
663 1571 720 1636 τοῦ
734 1571 827 1646 ὄντος
842 1565 862 1662 ᾗ
877 1569 918 1638 ὃν
932 1579 987 1638 καὶ
1002 1569 1214 1660 χωριστόν,

204 1699 234 1751 et
255 1687 324 1752 binc
346 1686 430 1751 lecile
453 1686 683 1772 disputationem
708 1687 744 1750 de
767 1687 941 1752 substtntiie
965 1691 1092 1754 immotis
1113 1711 1147 1752 ac
1161 1711 1215 1775 per

204 1823 235 1865 sc
258 1802 453 1866 existentibus
478 1798 669 1888 (χωρισιοις)
692 1802 761 1864 huic
785 1801 955 1888 discipliuae
978 1804 1117 1870 vindicet.
1154 1803 1216 1870 Sed

204 1918 270 2002 quis
293 1913 442 1979 condonet
470 1916 522 1980 Ar.
546 1916 648 1980 subito
672 1914 791 1980 addenti
822 1921 896 1980 »ueri
917 1917 1139 2001 xmpetrre'vl·;
1163 1919 1215 1984 teli

204 2033 279 2094 enim
301 2033 417 2094 retioue
439 2030 547 2127 uulnus
570 2031 664 2114 mogie
688 2029 817 2104 veletur,
848 2051 936 2116 quem
959 2046 1089 2098 senetur.
1136 2032 1214 2100 Num

204 2147 325 2209 omuino
346 2144 406 2208 boc
429 2144 583 2208 discidium
607 2143 757 2210 concilieri
781 2149 886 2228 possit,
912 2168 948 2210 eo
973 2146 1027 2210 bec
1051 2151 1116 2232 ipso
1136 2150 1165 2212 io
1182 2170 1213 2212 re

89 2306 93 2312 .
203 2279 316 2322 somme
346 2257 501 2323 difficultas
530 2261 624 2322 omnis
647 2257 854 2343 philosophiae
877 2271 1041 2344 spectetur,
1072 2261 1130 2325 bne
1153 2283 1214 2329 nott

125 2451 132 2460 ι
204 2390 299 2436 meum
316 2384 375 2449 est3
399 2374 493 2458 magis
512 2385 589 2438 certe
608 2373 805 2458 placeretis,
829 2393 916 2459 quam
933 2376 985 2438 Ar.
1001 2376 1032 2438 in
1051 2374 1108 2441 fine
1124 2375 1214 2460 hujus

204 2489 310 2572 cepitis
332 2489 412 2550 iniit:
436 2489 492 2550 eet
513 2483 664 2552 scottos
684 2486 730 2571 τῷ
752 2490 921 2569 προτέραν.
1167 2569 1170 2577 y

169 2652 173 2661 .
271 2601 449 2686 Quaestione
479 2599 517 2664 de
543 2600 620 2666 libro
649 2605 685 2664 Κ.
713 2604 884 2686 perstricta,
919 2604 950 2666 in
978 2601 1099 2669 alteram
1128 2603 1215 2668 valde

204 2727 359 2802 cognotam
385 2714 562 2788 delabimur,
593 2727 691 2778 utrum
715 2715 768 2780 Ar.
794 2715 959 2781 uberiorem
983 2692 1215 2801 disputationem

204 2830 346 2895 librorum
360 2831 484 2891 RBE.
500 2831 619 2892 omniuo
643 2830 788 2913 projicere
812 2841 841 2893 et
864 2832 1070 2918 prne'eisiorem
1088 2843 1117 2894 et
1133 2831 1214 2894 lime·

204 2947 309 3009 tiorem
330 2943 438 3008 librum
455 2947 491 3008 Κ.
511 2945 540 3007 io
565 2965 666 3010 eorum
690 2946 787 3010 losum
811 2947 991 3010 summittere
1015 2945 1152 3020 voluerit,
1177 2967 1215 3010 an

204 3059 285 3124 illum
308 3058 468 3144 pleniorem
493 3077 613 3144 qnoque
635 3071 792 3124 tractatum
809 3069 913 3143 postet
929 3056 1089 3133 elaborare,
1115 3059 1215 3124 limare

204 3186 331 3259 nptequc
347 3171 504 3258 disponere
520 3173 703 3258 cogitaverit.
721 3173 773 3242 ,Ac
785 3191 962 3259 quemquem
979 3173 1068 3236 multa
1084 3174 1115 3234 io
1131 3171 1214 3238 libris
1324 3175 1329 3194 '

206 3289 282 3350 RE.
296 3284 414 3350 turbate
432 3285 648 3374 dilectorumque
663 3299 741 3362 sunt,
758 3307 937 3373 quemquem
953 3286 1099 3351 interdum
1112 3287 1215 3373 dispu-

204 3404 279 3467 tetio
309 3403 394 3466 nimie
423 3378 583 3486 inspires
612 3423 647 3466 ac
675 3400 794 3466 dumeto
825 3404 968 3486 eorrepit,
999 3401 1090 3465 multe
1117 3414 1216 3466 tamen

205 3526 388 3601 argumente,
411 3515 441 3576 io
465 3512 540 3578 libro
558 3519 593 3578 Κ.
617 3517 739 3589 omisso,
763 3517 869 3604 ite—rei
893 3514 1028 3580 deleosee
1051 3514 1215 3600 probabili·

204 3639 293 3695 telem
317 3641 426 3716 nogent
448 3629 670 3714 stabilioutque,
694 3641 729 3692 ut
751 3650 826 3714 quoe
850 3631 902 3692 vix
925 3631 978 3694 Ar.
1002 3642 1106 3714 posteo
1129 3627 1215 3715 plene

205 3766 342 3830 spernere
373 3755 402 3807 et
430 3744 574 3829 projicere
605 3745 635 3805 iu
659 3725 762 3806 lenimo
792 3736 967 3823 hebuerit¹).
1015 3723 1076 3808 Sed
1103 3743 1216 3808 accedit

207 3899 411 3908 -ι--ι-ι

264 3985 283 4052 ¹)
301 3983 369 4040 Vide
381 3983 483 4040 Benitc.
496 3993 521 4042 et
533 3983 724 4058 Sebweglcrum
742 3983 775 4040 ed
785 3983 843 4040 libr.
853 3990 890 4039 Κ.
906 3984 937 4040 de
949 3983 995 4038 hec
1007 3999 1034 4039 re
1047 3983 1214 4055 disputantes.

969 4078 1003 4135 3.
