2782 4612
509 315 735 447 put...

149 545 218 590 rum
241 521 343 590 animis
366 529 526 602 insinuem,
551 545 654 590 rursus
677 526 729 592 Ar.
754 525 844 612 verba
867 538 1003 613 appeunt
1032 521 1082 592 ded
1106 527 1161 591 ecel

89 660 92 664 ·
149 633 230 725 ripn
243 641 302 704 euri
323 636 416 716 ducac
438 635 458 732 ᾗ
480 643 518 707 ὃν
532 635 591 715 τὰς
613 641 740 727 πρώτας
763 641 866 717 αἰτίας
888 640 1026 726 ληπτέον
1041 638 1160 722 (lonae

150 753 218 838 31).
246 757 348 844 ltaque
371 743 478 822 eximia
494 764 567 822 cum
577 743 640 824 arte
654 757 691 822 ab
708 757 762 822 Ar.
778 756 887 822 lactum
903 779 981 835 asse,
1006 769 1042 822 nt
1055 769 1160 844 postea

150 867 380 957 disputationem
409 872 446 936 de
474 873 647 940 substantiis
676 885 705 937 et
730 875 864 959 potentia
887 886 975 960 atque
998 885 1067 936 actu
1090 871 1159 936 huic
1238 860 1240 868 ’

148 990 251 1073 generi
274 986 445 1064 adtraxerit,
476 991 646 1074 neutiquam
669 1009 760 1074 nugo,
791 987 844 1052 sed
867 989 923 1052 hac
945 1011 976 1052 re
998 987 1076 1054 sacta
1099 1008 1159 1050 nou

149 1103 215 1169 sine
241 1102 338 1188 aliqua
366 1105 563 1167 inconstantia
592 1082 718 1188 prinlum
747 1104 900 1168 consilinm
924 1102 1072 1166 detortum
1096 1123 1159 1166 esse

150 1217 308 1283 contendo.
354 1218 414 1282 lllic
442 1237 554 1282 summa
576 1221 736 1304 principia,
768 1239 842 1303 quac
865 1221 896 1281 in
919 1219 1047 1281 immotis
1070 1229 1159 1302 atqua

150 1333 276 1395 aeternis
299 1331 472 1398 substantiis
496 1345 707 1418 spectarentur,
732 1336 762 1396 iu
784 1335 880 1417 prima
896 1331 1084 1418 philosophia
1101 1345 1160 1396 tra·
1276 1403 1282 1414 χ

151 1446 263 1510 ctanda'
294 1467 356 1512 esse
392 1448 550 1526 docueram
583 1467 662 1512 nnnc
694 1451 734 1511 ita
764 1448 992 1532 disputationem
1022 1448 1158 1522 instituit,
1240 1533 1244 1540 Ι

142 1573 300 1658 ῃῑειιι(Ῑιιαιιι
313 1564 352 1641 1ἰιι
375 1565 469 1647 prima
486 1564 675 1650 philosophia
690 1562 727 1628 de
744 1577 819 1637 ente,
844 1583 903 1650 qna
919 1583 980 1639 ans,
1004 1584 1058 1627 nec
1074 1560 1160 1648 qnid·
1227 1649 1232 1652 -

151 1694 239 1762 quam
269 1677 304 1740 de
327 1663 447 1742 sdmmis
471 1681 622 1764 principiis
646 1677 791 1765 agendum
815 1682 863 1744 sit.
904 1677 989 1760 ‘Quid
1012 1677 1105 1742 vero?
1132 1678 1159 1738 si

151 1781 281 1854 mucro
302 1793 362 1858 boc
384 1796 481 1878 ipsum
501 1793 554 1858 Ar.
571 1796 697 1858 sensisse
721 1807 809 1880 atque
825 1781 903 1858 'adeo
928 1793 1048 1879 oblique
1069 1793 1160 1878 sigui·

149 1905 279 1984 ficasse,
293 1907 444 1993 quomodo
470 1909 543 1972 bae'c
565 1908 723 1972 difficultas
746 1908 887 1974 solvenda
910 1907 970 1972 sit?
1009 1908 1038 1970 ln
1063 1909 1158 1992 prime

151 2021 227 2085 eninr
253 2024 348 2108 capite
370 2021 438 2086 libri
459 2026 503 2100 E,
528 2025 557 2085 in
580 2043 640 2108 qno
664 2022 740 2087 libro
765 2023 812 2086 illa
836 2023 998 2108 disputatio
1024 2023 1060 2087 de
1083 2035 1158 2098 ente,

150 2154 285 2226 queens,
305 2135 432 2212 orditur,
452 2136 504 2201 Ar.
521 2149 581 2201 tres
593 2149 694 2222 partes
708 2139 887 2210 theoreticae
901 2141 1040 2202 scientiae
1056 2137 1160 2201 distin·

150 2243 260 2336 gnit¹lz
281 2251 452 2339 physicam,
477 2253 724 2328 mathematicam,
749 2253 928 2339 theologiam
951 2255 1013 2318 sive
1037 2255 1160 2338 primam

149 2363 383 2450 philosophiam
415 2371 444 2431 in
475 2369 570 2454 prima
593 2381 690 2432 autem
714 2368 904 2454 philosophia
927 2368 964 2432 de
987 2367 1160 2432 substantiis

149 2481 278 2544 immotis
307 2501 340 2544 ac
369 2503 422 2567 per
444 2504 476 2550 se
500 2484 696 2548 existentibus
719 2482 878 2568 disceptari
902 2482 1000 2551 1026ἃ
1016 2480 1056 2546 16
1081 2479 1161 2565 ἢ-δὲ

150 2593 258 2679 πρώτη
289 2599 343 2660 nul
370 2600 442 2681 περὶ
467 2593 608 2680 χωριστὰ
631 2601 685 2660 καὶ
706 2593 851 2682 richpert.
896 2597 976 2660 Haec
999 2599 1160 2662 concinunt

151 2729 216 2773 cem
240 2713 291 2786 iis,
318 2731 393 2798 quas
412 2713 465 2776 Ar,
490 2716 519 2776 in
544 2713 669 2778 exordio
693 2713 762 2777 libri
777 2718 820 2778 A.
844 2711 1000 2788 docuerat,
1026 2711 1160 2798 qnando·

150 2823 268 2910 quidem
298 2828 392 2911 prima
420 2829 564 2912 principia
592 2825 681 2892 rebus
706 2807 894 2894 sensibilibus
918 2829 1073 2914 superiora
1096 2848 1159 2892 esse

148 2937 268 3003 debent.
314 2942 356 3005 At
383 2945 461 3006 nunc
484 2941 537 3007 Ar.
561 2945 592 3006 in
621 2945 790 3008 universnm
818 2940 994 3023 (καθόλου)
1021 2942 1157 3017 decute,

151 3071 210 3141 qua
233 3075 299 3132 ens,
328 3056 535 3142 disputaturus
559 3057 623 3122 snit.
670 3057 723 3122 Ar.
747 3060 848 3140 igitur,
873 3060 1039 3122 nocrimen
1064 3059 1158 3142 turpis

149 3169 363 3236 inconstantiae
386 3167 470 3236 inse
495 3173 601 3256 conjici
624 3183 784 3257 pateretur,
809 3173 882 3236 haec
906 3172 966 3236 dnn
990 3172 1112 3236 consilia
1129 3173 1159 3234 iu

149 3301 241 3348 nuum
265 3285 392 3350 eoullare
416 3285 529 3350 debuit.
575 3286 731 3368 Quomodo
755 3287 813 3350 hoc
837 3285 925 3352 lecit?
963 3287 1157 3363 Excutiens,

148 3417 226 3486 quac
248 3403 325 3484 inter
344 3401 555 3470 arithmeticam
578 3414 608 3466 et
631 3414 741 3466 ceteras
764 3401 918 3466 inferiores
941 3403 1159 3466 mathematicas

149 3513 319 3601 disciplinas
333 3515 505 3594 intercedat,
530 3520 651 3602 primam
666 3515 900 3602 philosophiam,
925 3527 958 3580 nt
974 3535 1049 3603 qnae
1064 3517 1160 3604 prima

149 3630 203 3705 sit,
233 3632 396 3718 generalem
425 3651 544 3720 quoqne
570 3653 633 3697 asse
655 3631 708 3696 Ar.
733 3629 902 3716 respondet.
948 3631 1027 3711 Jam,
1059 3632 1157 3712 medo,

149 3785 363 3800 nae—num

208 3875 228 3943 ¹)
245 3873 312 3932 tute
330 3881 379 3932 uos
398 3895 424 3948 p.
435 3874 479 3932 82.
552 3928 557 3933 .
