2782 4612
644 335 805 434 „El-

223 531 295 597 qne‚
318 509 395 574 idem
419 531 497 596 opus
519 509 576 576 suh
592 509 716 576 diversis
730 511 826 576 titulis
842 511 932 576 latum
950 531 1012 576 esse
1027 513 1234 587 statuentium,

221 619 293 688 mihi
317 626 397 688 omni
420 645 458 688 ex
479 637 564 709 parte
587 625 787 712 probabatur3
816 639 1039 712 peropportuna
1061 624 1236 690 vero'idem

221 735 424 820 Brundisius¹l
447 752 617 817 monuerat,
641 740 768 828 reliquo,
793 761 868 828 quae
889 739 962 805 Cic·
975 742 1005 803 in
1029 738 1132 804 eodem
1152 739 1235 806 libro

229 851 287 916 »de
315 864 376 916 nat.
401 851 505 919 deora
536 853 572 918 de
593 855 646 919 Ar.
677 854 830 942 theologia
859 853 1030 931 tradiderit,
1061 875 1100 918 ex
1127 852 1235 920 eodem

222 965 304 1031 sonte
333 965 494 1032 derivanda
523 989 596 1034 esse.
644 967 705 1033 Sed
727 969 817 1054 hujus
840 989 961 1056 quoque
984 970 1150 1056 argumenti
1172 971 1235 1034 vim

221 1079 401 1146 infracturas
424 1081 481 1159 tut,
514 1086 584 1170 quia
605 1105 752 1171 nusquam
776 1097 892 1170 praeter
914 1084 995 1148 illum
1020 1103 1110 1146 unum
1131 1083 1235 1148 laeum

222 1198 249 1262 t.
272 1217 297 1264 e.
317 1193 356 1264 ld
381 1194 442 1264 cia.
466 1197 559 1263 lihros
588 1197 624 1262 de
647 1197 838 1285 philosophia
860 1200 1033 1262 nominatim
1055 1196 1233 1262 laudaverit.

224 1311 290 1394 Quo
319 1311 419 1375 studio
450 1313 530 1376 enim
555 1325 639 1398 pater
666 1311 775 1377 liheros
803 1325 920 1391 tuetur,
950 1312 1054 1377 eodem
1077 1333 1131 1398 ego
1155 1311 1235 1376 hanc

223 1427 397 1490 sententiam
420 1425 546 1490 delendi.
582 1425 668 1492 Mene
690 1430 748 1503 rei,
774 1447 861 1514 quam
885 1428 1057 1513 explorasse
1077 1437 1234 1514 tantopere

223 1543 344 1630 gavisus
366 1539 486 1617 luerim,
511 1543 607 1630 ipsum
630 1541 813 1628 proditorem
835 1542 912 1606 esse!
1021 1563 1024 1568 ·

289 1637 403 1721 Sedato
426 1655 543 1722 demuto
566 1643 663 1721 auihro
680 1677 783 1722 verum
806 1655 885 1720 dulci
903 1654 1032 1742 praetuli
1047 1666 1077 1719 et
1092 1656 1155 1720 siae
1170 1653 1233 1718 ullo

223 1768 324 1836 studio
357 1791 418 1836 rem
449 1769 547 1836 denuo
579 1773 747 1838 retractavi.
794 1772 894 1858 Atque
922 1772 1049 1855 primum
1079 1766 1140 1834 Cic.
1171 1780 1234 1834 tam

224 1886 321 1952 ohiter
348 1885 509 1971 significat,
540 1885 640 1968 plures
669 1883 740 1949 deos
763 1884 816 1950 Ar.
847 1886 1001 1959 statuisse,
1032 1897 1077 1955 ut,
1094 1882 1234 1951 subtilem

223 2000 415 2088 sphaerarum
447 1997 611 2064 doctrinam
638 1999 741 2072 inille
764 1999 842 2064 lihro
867 2000 1032 2086 expositam
1056 1997 1146 2066 luisse
1169 1998 1235 2062 siue

224 2113 286 2191 ulle
308 2126 389 2203 carto
412 2125 587 2201 argumento
611 2115 796 2200 conjiciatur.
830 2113 944 2178 Deinde
961 2134 999 2177 ne
1014 2112 1151 2198 Epicurei
1167 2113 1235 2198 qul·

224 2229 289 2296 dem
313 2230 416 2294 levitas
440 2250 478 2294 ex
500 2229 577 2294 libro
593 2233 636 2293 Λ.
659 2251 762 2294 eruere
779 2231 893 2316 potuit,
916 2228 970 2293 Aa.
987 2226 1130 2292 muudum
1145 2226 1235 2292 deum

225 2366 288 2410 esse
311 2343 455 2408 docuisse.
502 2343 666 2408 Nemeum
691 2343 752 2408 Cio.
777 2313 964 2429 apertissime
984 2343 1067 2408 coelo
1091 2341 1234 2406 mundum

224 2439 415 2547 opposuerit,
445 2479 505 2521 non
535 2479 600 2522 curn
624 2457 761 2523 Krischio
791 2471 920 2524 statuere
943 2458 1025 2534 licat,
1054 2457 1235 2544 Epicureum

224 2595 263 2638 ex
291 2573 484 2658 ambiguitate
513 2574 596 2636 vocis
625 2568 766 2655 aripenni
790 2574 841 2638 Ar.
873 2572 1037 2638 doctrinam
1067 2571 1233 2637 deflexisse.

129 2768 136 2784 ι
223 2690 313 2755 lmmo
338 2709 409 2754 vero
433 2689 463 2750 in
486 2687 535 2751 illo
560 2709 678 2774 quoque
701 2687 794 2764 libro,
821 2687 900 2753 uode
925 2685 986 2754 Cic.
1011 2687 1125 2763 hausit,
1149 2707 1236 2752 mun·

225 2803 400 2890 ducetque
435 2803 549 2884 coelum
580 2801 703 2867 diversis
738 2803 909 2868 nominihus
938 2815 1042 2869 notata
1069 2801 1160 2880 luisse
1189 2804 1236 2866 vi-

226 2918 341 2996 dentur.
378 2917 455 2982 Tum
480 2915 585 2982 ardore
605 2918 683 2982 coeli
707 2921 842 3005 quintum
867 2919 1040 2984 elementum
1057 2921 1119 2982 sivo
1135 2915 1235 2982 aethe·

225 3055 285 3100 reso
302 3033 462 3118 significari
477 3055 515 3098 ex
531 3035 679 3097 constanti
696 3031 756 3098 Cic.
774 3055 831 3096 usu
846 3033 960 3097 Petitur
967 3028 989 3115 ¹)
1006 3046 1035 3098 et
1049 3012 1234 3113 Krischius³J

225 3162 393 3214 statuerunt
417 3162 445 3214 et
468 3171 506 3212 ex
528 3147 631 3212 iisdem
651 3145 713 3213 Cio.
737 3147 820 3212 lihris
845 3147 880 3212 de
903 3161 964 3213 nat.
990 3147 1070 3212 deor.
1096 3139 1234 3235 appa'reta

136 3342 147 3350 ‚
224 3263 258 3340 ll,
281 3261 320 3328 15
358 3283 457 3350 »quae
480 3265 618 3355 oriuntur
640 3267 670 3326 in
693 3237 799 3328 ardorh
823 3263 957 3342 coelesti,
989 3265 1041 3350 qui
1064 3262 1164 3326 aether
1187 3260 1237 3326 vel

185 3439 190 3450 ,
227 3380 340 3444 eoelum
364 3380 563 3442 nominatum·
605 3378 670 3443 lam
686 3376 981 3442 vero-difficillimum
1002 3377 1164 3465 explanata
1180 3389 1234 3454 ast,

227 3515 287 3584 quo
311 3507 399 3582 paeto
418 3492 479 3558 Cic.
502 3494 555 3559 Ar.
579 3492 738 3579 simplicem
761 3514 865 3558 vocem
889 3489 1039 3576 οὐρανοῦ,
1062 3495 1181 3578 saepius
1205 3494 1237 3556 ia

226 3609 303 3674 libro
325 3587 367 3670 A.
391 3608 523 3684 obviam,
554 3609 583 3670 ia
613 3607 748 3672 ardorem
778 3609 852 3672 coeli
879 3631 939 3675 rem
970 3608 1061 3673 multo
1089 3605 1236 3672 diversam

275 3731 437 3738 μ--ι--ω-..ι

226 3731 272 3741 '-
286 3771 304 3838 1)
328 3745 418 3824 aesca.
439 3772 462 3824 a.
483 3769 548 3825 aare
568 3769 633 3836 11‚2
651 3789 675 3843 p.
688 3767 732 3826 aa.

284 3869 304 3936 ν)
327 3867 345 3921 1.
359 3867 376 3921 ι.
395 3885 419 3938 ρ.
433 3866 476 3922 rs.
682 3872 685 3884 ’

284 3963 305 4034 ·)
328 3963 377 4019 1.1.
395 3962 455 4019 noa.
589 3963 594 3973 ·
