2784 4606
291 525 459 595 1059129.
484 524 530 590 ἔτι
551 524 687 610 πότερον
709 530 782 612 περὶ
804 521 865 602 τός
887 521 997 603 οῦσίας
1018 528 1120 612 μόνον
1138 531 1159 615 ἢ
1180 533 1236 593 καὶ

221 642 262 709 τό
286 643 505 728 συμβεβηκότα
527 639 696 719 ἀπόδειξίς
715 640 814 719 ἔστιν,
837 642 868 706 εί
879 637 943 727 γὰρ
958 645 1032 729 περί
1044 667 1081 724 γε
1094 639 1135 708 τό
1152 660 1234 728 συμ-

220 760 378 846 βεβηκότα
407 752 574 836 α’πόόεεξίς
601 755 700 832 ἐστιν,
731 759 805 840 περί
831 753 890 831 τοὶς
917 753 1028 832 οῦσίας
1058 754 1115 824 οῦκ
1139 757 1232 826 ἔστιν.

220 877 394 942 Rectissime
410 876 565 939 Boniteius
589 872 765 960 interpolate
782 872 874 936 verbe
897 868 1064 951 ἀπόδειξίς
1081 872 1167 940 ἔστιν
1182 875 1231 941 de·

220 994 306 1068 levit;
331 991 384 1055 sed
407 991 453 1054 his
477 989 581 1057 deletis
605 991 634 1052 in
658 989 793 1073 sequenti
809 990 1016 1054 enunciatione
1031 991 1231 1077 interpunctio

221 1107 361 1172 mutanda
390 1119 442 1172 est.
495 1103 569 1172 Nem
597 1091 712 1167 omnem
742 1101 1021 1168 demonstrationem
1051 1107 1129 1170 eirea
1156 1109 1232 1172 eosi-

221 1221 320 1287 dentie
343 1217 592 1304 (συμβεβηκότα)
615 1215 798 1282 substantioe
828 1217 1012 1284 inhaerentis
1036 1223 1146 1284 versari
1171 1234 1232 1287 eert-

219 1339 365 1402 tissimum
388 1348 442 1409 est,
467 1355 519 1398 neo
543 1333 581 1398 eb
604 1332 664 1396 nile
687 1331 856 1396 conditione
879 1333 998 1419 pendet.
1034 1335 1156 1420 Insuper
1175 1335 1232 1401 hee

221 1455 286 1538 ipse
310 1453 340 1514 in
362 1472 395 1513 re
418 1461 508 1534 eepnt
531 1447 713 1512 difficultatis
736 1449 864 1531 spectari
881 1451 961 1535 quie,
985 1452 1010 1514 si
1027 1462 1056 1514 et
1071 1451 1231 1517 eeeidentie

160 1556 163 1561 ¹
221 1565 443 1632 etsubstenties
459 1565 510 1628 uni
526 1564 664 1627 soientiee
680 1560 860 1638 attribuetis,
885 1564 941 1628 elie
957 1585 1026 1650 pers
1042 1565 1174 1650 ejusdem
1188 1565 1232 1630 di·

221 1683 361 1769 soipiinee
376 1679 602 1755 demonstretur,
623 1679 752 1742 alienon
766 1679 984 1744 demonstretur
998 1693 1123 1765 epperet
1146 1703 1182 1746 ex
1196 1681 1229 1746 Β.

222 1821 246 1862 o.
260 1798 297 1874 lt,
315 1794 393 1862 997Ι
410 1793 462 1860 30.
485 1793 515 1856 εί
531 1798 590 1875 μὲν
610 1789 672 1878 γὰρ
695 1795 750 1878 τῆς
769 1788 881 1877 αὐτῆς,
904 1789 1114 1880 denormare}
1128 1819 1174 1870 τις
1188 1797 1230 1860 όν

221 1915 269 1996 εἴη
285 1915 339 1974 καὶ
355 1907 374 1994 ἦ
391 1913 445 1994 τῆς
461 1901 582 1982 οῦσίας.
614 1908 678 1973 Hne
697 1911 774 1973 enim
793 1907 987 1974 tumdemum
1012 1910 1149 1976 concludi
1164 1924 1232 1997 pot-

221 2040 275 2102 est,
292 2028 317 2089 si
334 2028 400 2112 quis
417 2025 547 2088 omnium
560 2025 648 2088 unius
660 2024 832 2112 disciptinae
843 2026 971 2110 portium
985 2027 1096 2110 puriter
1112 2026 1233 2092 demon-

221 2145 392 2208 strationem
409 2162 472 2205 esse
488 2143 633 2205 sumserit.
663 2139 739 2204 Hine
753 2139 889 2205 ieoiitime
901 2139 935 2204 fit
946 2140 1110 2206 emendatio
1126 2142 1156 2204 εί
1167 2137 1230 2228 γὰρ

221 2257 275 2340 (se.
292 2261 347 2322 nai
361 2251 488 2343 περὶτὰ
504 2253 747 2340 συμβεβηκότα),
762 2257 836 2341 περί
849 2277 885 2335 ys
897 2254 937 2318 τό
956 2251 1005 2318 ζ..
1029 2255 1137 2322 Verbis
1154 2260 1231 2322 enim

221 2369 324 2459 eiydp
339 2375 495 2459 ,posterior
510 2384 624 2435 tentum
648 2370 832 2434 dillemmetis
854 2391 923 2456 pers
946 2372 986 2436 ite
1007 2375 1174 2459 respicitur,
1198 2387 1233 2439 ut

219 2490 278 2554 hoe
294 2490 360 2553 loeo
377 2487 520 2574 partiente
537 2487 557 2572 ἢ
574 2486 699 2552 medinm
717 2487 863 2573 quendem
878 2486 975 2552 losum
992 2490 1068 2553 inter
1085 2489 1230 2554 solemnes

220 2609 292 2670 istes
309 2603 538 2688 significationes
555 2615 584 2666 et
599 2604 838 2688 interrogationis
855 2614 885 2666 et
902 2605 1105 2688 responsionis
1121 2616 1228 2668 tenent.

278 2717 378 2784 1062t
387 2716 440 2784 26.
453 2715 522 2781 ἐπεὶ
531 2712 637 2782 edred
648 2712 763 2782 λευκόν
773 2720 914 2796 γίγνεται
925 2714 1041 2782 huxori
1049 2717 1165 2793 τελέως
1173 2714 1231 2782 όυ-

220 2859 273 2910 τος
288 2838 343 2898 καὶ
358 2829 483 2922 οῦόαμῇ
497 2828 540 2916 μὴ
557 2831 687 2907 ίεοκοῦ,
709 2830 768 2894 οῦν
784 2829 821 2895 di
834 2835 1045 2916 γεγενημένον
1058 2828 1102 2918 μη
1118 2829 1232 2898 λευκόν

183 2960 191 2976 ’
220 2945 353 3030 γίγνοιτ’
369 2945 412 3010 ἄν
427 2945 462 3012 ἐκ
483 2973 526 3033 μη
544 2942 637 3022 ὄντος
659 2945 773 3010 ίευκοῦ
787 2942 824 3010 ed
839 2947 1029 3030 γιγνόμενον
1043 2943 1097 3032 μὴ
1108 2945 1231 3012 λευκόν.

155 3067 162 3078 ’
220 3057 321 3130 veina
340 3064 425 3128 'sene
459 3065 678 3129 intricatissime
712 3065 810 3126 nescio
841 3085 878 3127 en
906 3064 962 3128 heo
990 3065 1106 3128 ratione
1133 3066 1232 3128 sonori

220 3182 351 3268 possint:
379 3177 447 3244 sust
470 3174 530 3244 οόυ
554 3223 562 3242 .
582 3223 589 3240 .
609 3222 643 3239 ..
666 3175 789 3252 λευκοῦ,
814 3178 872 3242 νῦν
896 3177 933 3241 δὲ
954 3180 1165 3262 γεγενημένου
1187 3172 1229 3262 μὴ

222 3295 349 3369 λευκοῦ,
378 3290 508 3374 γίγνοιτ’
533 3295 575 3358 niv
598 3292 632 3356 ἐκ
660 3288 703 3376 μη
734 3287 828 3367 ὄντος
855 3289 898 3377 μὴ
927 3291 1042 3357 λευκοῦ
1064 3288 1100 3354 ed
1124 3291 1231 3372 γιγνό-

221 3431 319 3495 μενον
341 3404 383 3493 μῦ
408 3407 531 3472 λευκόν.
572 3407 739 3496 »Siquidem
763 3429 893 3472 resnou
918 3408 983 3474 elbe
1006 3408 1040 3472 fit
1056 3408 1102 3472 vel
1125 3430 1163 3472 ex
1186 3428 1229 3483 ee,

222 3547 297 3613 ques
326 3527 445 3590 omnino
476 3523 541 3588 albe
560 3545 625 3611 'neo
654 3524 712 3588 ulie
742 3546 779 3588 ex
810 3536 894 3610 perte
922 3525 1006 3610 nigre
1035 3523 1151 3600 feerit,
1179 3520 1232 3588 sed

172 3693 174 3697 ,
222 3663 300 3706 nuno
324 3641 440 3706 demum
463 3643 547 3728 nigre
569 3640 659 3716 fucta
683 3642 738 3718 sit3
761 3638 792 3703 id
816 3638 897 3726 quod
911 3640 1038 3726 ‚nigrum
1061 3636 1172 3714 foetum
1188 3651 1236 3702 est

223 3780 261 3824 ex
284 3779 334 3834 eo,
365 3757 447 3845 quod
475 3779 535 3822 non
557 3758 674 3843 nigrum
695 3757 810 3833 sumit,
832 3753 966 3840 prodit.¹
1019 3754 1063 3819 De
1085 3753 1232 3842 partiente

223 3873 259 3938 dd
281 3895 337 3960 pro
362 3868 447 3937 otte
471 3885 541 3960 post
563 3846 750 3958 negationem
766 3869 833 3935 vide
848 3870 952 3936 Weite
968 3891 1033 3957 org.
1050 3870 1076 3946 1,
1100 3893 1130 3956 p.
1148 3866 1230 3946 3053
