2782 4612
583 337 740 438 —b'l-

159 516 286 582 videtur.
324 515 407 582 lllum
434 517 510 582 onim
540 512 592 580 ὁτὲ
619 519 678 598 μιν
703 511 763 582 οὖν
785 518 814 580 in
837 527 923 581 textu
946 516 1086 584 bobuisse
1108 514 1168 581 Bo·

159 635 267 698 nitaius
304 633 415 717 optimc
447 633 616 717 perspexit;
653 629 704 694 sed
739 632 769 696 in
804 630 934 715 ejusdem
962 644 1047 696 textu
1077 631 1167 696 verba

159 741 241 808 καθ’
257 741 298 829 ἢν
318 783 349 798 -
367 744 482 824 πάσχει
499 768 530 808 οι
553 747 672 809 omnino
697 743 824 810 defuisse
848 767 989 832 auguror.
1023 746 1097 812 Nom
1115 767 1168 812 our

158 860 277 926 tandem
301 864 369 939 ipse
391 859 566 925 addidisset:
589 854 625 924 sd
648 861 710 945 γάρ
742 856 817 944 »ὑφ’
829 858 958 946 reapse«
980 856 1040 945 τὴν
1054 864 1168 944 παθη-

159 972 248 1060 τικὴν
270 976 425 1059 σημαίνει.
468 974 533 1038 lam
562 974 634 1062 quid
662 975 863 1060 probabilius,
894 997 982 1062 quam
1005 977 1053 1040 illa
1077 975 1168 1040 verba

160 1083 295 1173 ὁτὲμὲν
318 1083 377 1154 ἐάν
400 1080 509 1154 tereto
532 1123 571 1136 -
596 1088 731 1181 βέλτιον,
760 1090 796 1155 ab
820 1091 874 1158 Ar.
898 1093 928 1154 in
958 1092 1088 1177 margine
1116 1090 1168 1154 ad·

156 1205 250 1289 jecta,
283 1227 300 1269 a
331 1206 432 1291 primis
461 1204 626 1270 editoribus
656 1207 750 1270 alieno
779 1207 844 1272 loco
875 1208 903 1268 in
934 1217 1048 1270 textum
1077 1205 1166 1280 illata,

161 1319 265 1384 deinde
281 1321 364 1384 vario
387 1319 476 1383 modo
501 1341 566 1385 cum
590 1321 833 1406 praecedentibus
858 1320 1058 1406 conglutinata
1083 1319 1167 1385 esse?

159 1435 260 1521 ltaque
293 1439 438 1522 integram
472 1436 525 1502 Ar.
550 1457 667 1500 menum
702 1436 783 1501 bono
819 1437 915 1500 animo
945 1438 985 1500 ita
1014 1438 1166 1500 restituas:

159 1546 179 1633 ἢ
208 1521 306 1634 ‹5²'tp’
319 1546 428 1632 ἑτέρον
457 1544 528 1639 rip}
542 1552 659 1635 ἕτερον.
687 1547 733 1614 ἔτι
754 1544 774 1634 ἦ
798 1549 854 1615 τοῦ
877 1548 983 1623 καλῶς
1010 1589 1044 1602 -
1071 1547 1168 1630 pladi-

161 1661 237 1736 ζειν·
260 1661 377 1748 ὁμοίως
400 1663 437 1729 δὲ
458 1669 512 1728 καὶ
527 1664 579 1730 ἐπὶ
601 1666 658 1730 τοῦ
676 1661 813 1745 πάσχειν
827 1656 881 1728 dee
901 1669 961 1746 μὲν
977 1661 1034 1728 ἐὰν
1048 1655 1167 1738 ὁτιοῦν,

161 1773 302 1872 δυνατὸν
323 1775 401 1845 αὐτό
423 1801 533 1863 φαμεν
553 1819 587 1832 -
605 1779 740 1862 βέλτιον.
774 1781 838 1846 dam
855 1779 966 1855 videas,
991 1801 1078 1866 quam
1101 1780 1168 1865 pul-

161 1895 303 1960 cherrime
328 1899 489 1960 sententiaa
511 1896 689 1982 procedant:
720 1898 846 1982 primum
870 1895 995 1979 simplex
1017 1897 1170 1979 potentiae
1292 1979 1298 1986 ι

160 2011 206 2075 vis
237 2021 266 2074 et
295 2012 407 2075 activae
437 2023 466 2076 et
488 2013 623 2097 passivae
653 2014 814 2097 exponitur
844 2007 883 2093 (ip
909 2011 969 2091 μὲν
996 2049 1031 2062 -
1060 2011 1168 2096 ἕτερον

160 2147 188 2190 v.
209 2121 259 2200 19,
284 2122 349 2204 20),
374 2138 436 2190 tum
460 2126 562 2191 eodem
586 2126 689 2192 ordine
713 2127 803 2190 altera
819 2127 864 2188 vis
886 2127 1035 2210 potentiae
1051 2136 1081 2188 et
1096 2127 1168 2200 acti-¹

161 2261 214 2307 vae
238 2251 267 2304 et
289 2242 425 2326 passivae
449 2242 628 2328 explicatum
653 2240 689 2308 cl.
707 2239 831 2306 eundem
848 2239 1018 2325 disputandi
1035 2238 1167 2306 ordinem

162 2355 201 2418 Θ.
224 2377 248 2420 e.
264 2355 286 2420 Ι.
311 2352 409 2422 10163
426 2353 476 2420 16.
534 2403 544 2422 .

128 2493 134 2504 ·
230 2468 328 2536 10201
351 2469 401 2535 17.
438 2470 502 2534 τάν
531 2469 567 2536 dd
595 2449 676 2536 aad
695 2467 778 2535 αὑτά
804 2469 845 2536 τά
872 2473 932 2554 μὲν
959 2465 1029 2534 κατ’
1053 2463 1168 2535 adulor

161 2582 253 2661 doale,
277 2580 347 2650 olor
368 2582 387 2669 ἡ
409 2586 547 2670 γραμμή,
570 2581 674 2651 ποσόν
695 2611 724 2650 ιι
746 2583 796 2664 (ἐν
816 2580 879 2671 γάρ
902 2585 946 2672 τῷ
968 2583 1052 2670 λόχῳ
1075 2583 1119 2670 τῷ
1138 2587 1169 2648 ei

161 2698 226 2764 reae
248 2699 372 2779 λέγοντι
394 2698 429 2763 τὸ
451 2700 553 2764 ποσὸν
576 2699 770 2785 ἐνυπάρχει).
814 2702 866 2765 Ar.
892 2725 918 2765 v.
939 2700 989 2766 15.
1013 2703 1169 2788 distinguit

163 2819 240 2880 inter
255 2801 447 2901 quantitatem
464 2814 685 2880 substantialem
702 2830 731 2881 et
746 2816 966 2891 accidentalem,
984 2816 1088 2882 deinde
1102 2839 1169 2880 rur-

160 2951 211 2996 sus
242 2942 422 3017 quantorum
445 2929 680 2995 substantialium
705 2928 796 3009 (καθ’
814 2928 912 3012 αὑτά)
936 2931 1076 2998 discernit
1095 2931 1168 2996 sub·

160 3047 285 3110 stantiae
301 3040 355 3124 (eoi
370 3049 429 3126 μὲν
443 3037 511 3108 κατ’
525 3042 638 3111 οὐσίαν
652 3069 680 3109 ν.
693 3044 745 3127 17)
762 3059 791 3110 et
806 3045 974 3113 affectiones
990 3044 1097 3130 (πάθη
1114 3051 1169 3110 καὶ

161 3162 241 3238 ἕξεις
260 3183 288 3224 ν.
308 3157 370 3241 10).
410 3159 512 3225 Priore
536 3164 633 3246 specie
656 3161 747 3237 lineae
771 3162 905 3246 exemplo
930 3164 1078 3247 aptissime
1102 3162 1168 3228 illu·

161 3289 263 3353 strata‚
288 3275 467 3361 adjiciuntur
489 3277 576 3342 haec:
600 3274 636 3341 dv
656 3271 719 3362 γάρ
742 3277 786 3364 τῷ
808 3272 892 3363 λόγῳ
917 3276 960 3363 τῷ
983 3280 1014 3342 al
1034 3276 1100 3342 ἐστι
1114 3275 1168 3342 λι-

159 3413 249 3474 χοντι
270 3385 306 3455 s'd
329 3388 430 3456 ποσὸν
453 3389 633 3476 ἐνυπάρχει.
671 3394 713 3456 Αι
735 3393 804 3458 binc
825 3413 884 3456 non
901 3392 1048 3476 probatur
1062 3393 1167 3458 lincam
1213 3389 1222 3401 ’

162 3509 356 3574 substantiam
381 3529 453 3584 ease,
477 3506 530 3572 sed
552 3507 657 3571 lineam
680 3527 739 3570 non
756 3529 808 3593 per
824 3507 968 3582 accidens,
993 3506 1168 3572 sedensue

162 3637 267 3690 natura
291 3616 513 3706 (καθἀῧτὴν)
537 3624 566 3686 in
591 3623 763 3708 quantitatis
778 3644 871 3710 genus
893 3619 1074 3688 referendam
1093 3644 1167 3688 esse.

162 3738 304 3825 Namque,
329 3751 363 3802 ut
386 3737 527 3824 exemplis
550 3759 613 3814 rem
630 3738 781 3813 illustrem,
807 3741 835 3800 in
853 3736 1072 3802 definitionibus
1087 3739 1168 3824 pric-

162 3857 201 3919 ris
232 3855 340 3940 speciei
370 3855 535 3939 categoriae
558 3853 708 3918 relationis
733 3850 855 3936 (ἥμισυ,
885 3845 1048 3938 ἡμιόλιον)
1071 3855 1167 3938 ipsum

923 3963 957 4017 5.
