2782 4612
626 359 669 424 79

144 564 208 608 case
237 540 275 607 ad
303 541 441 628 opposita
469 537 599 604 membra
629 541 750 605 unitatis
778 552 808 606 et
829 535 1025 605 multitudinis
1047 537 1148 625 liquet,
1255 603 1258 608 .

143 657 196 722 sed
223 657 295 723 baec
324 677 370 722 res
399 657 429 719 in
458 654 702 742 praecedentibus
732 653 830 721 verbis
859 677 896 720 ne
924 666 1004 719 taeta
1032 652 1150 740 quidem

144 783 189 837 eat
217 783 246 835 et
273 769 495 837 infre'demum
524 773 684 857 exponitur
714 765 760 851 (v.
781 767 851 850 17).
898 768 1011 834 Deinde
1040 771 1151 855 optime

100 875 196 952 jer.
215 909 244 950 v.
261 885 303 950 22
333 898 371 950 et¹
390 884 431 950 23
462 889 698 952 contrarietatem
727 889 757 950 in
782 885 917 950 ordinem
943 886 1150 970 oppositorum

144 999 342 1063 membrorum
371 1003 412 1064 ita
441 1001 542 1076 refert,
573 1014 607 1065 ut
635 1003 786 1087 oppositio
810 1002 934 1086 generis,
959 1000 1151 1064 contrarietas

145 1117 252 1198 speciei
269 1117 332 1178 vice
355 1114 511 1200 iungatur3
537 1115 593 1178 hnc
617 1128 714 1180 autem
737 1117 813 1192 loco,
839 1117 891 1178 vix
905 1133 1069 1199 paucorum
1086 1135 1150 1176 ver·

144 1249 232 1293 suum
254 1225 408 1294 intervallo
426 1228 560 1305 distante,
586 1234 777 1294 contrarietas
793 1230 1010 1316 oppositionem
1028 1240 1150 1314 acqunt;

145 1364 222 1418 nam,
247 1345 277 1406 ni
300 1341 395 1419 fallor,
420 1347 444 1406 is
463 1357 508 1409 est
523 1366 675 1409 connexus
691 1347 900 1434 sententiarum
916 1357 950 1408 ut
965 1339 1004 1406 coi
1021 1342 1151 1408 ἐναντία
1275 1353 1279 1358 ’

145 1453 193 1537 (4·
209 1455 240 1538 1)
262 1479 321 1520 non
342 1457 478 1522 differant
492 1458 530 1524 ab
546 1454 773 1542 ἀντικειμένοις
789 1456 837 1541 (dl
851 1457 915 1540 36),
940 1458 1149 1522 modo'allatia.

146 1570 239 1654 Quam
277 1575 450 1636 inconcinne
488 1573 561 1638 baec
596 1564 691 1638 omnia
727 1574 874 1660 disputata
909 1576 983 1648 sint,
1025 1575 1151 1636 maximo

145 1686 252 1751 collato
281 1685 383 1751 codem
414 1700 541 1752 tractatu
569 1691 599 1754 in
629 1689 705 1754 libro
732 1693 764 1754 K
786 1711 810 1754 c.
826 1689 870 1752 lll.
898 1683 1149 1766 1061210-,15

147 1813 278 1886 apparet.
314 1801 438 1866 Accedit
461 1803 596 1890 denique,
622 1803 702 1890 quod
726 1805 756 1868 in
781 1803 882 1868 eodem
907 1806 1002 1889 capite
1018 1815 1150 1866 extremo

145 1915 181 1978 lll
195 1915 236 1978 27
250 1913 336 1978 -35
353 1915 486 1981 reductio
511 1921 726 1984 contrariorum
751 1918 948 1985 membrorum
972 1917 1009 1981 ad
1028 1919 1151 2004 primam

145 2031 267 2093 unitatis
304 2030 559 2118 multitudinisque
596 2035 831 2098 contrarietatem
870 2046 899 2097 et
932 2031 1089 2098 dilucidius
1123 2041 1152 2096 et

71 2183 75 2193 ·
146 2129 329 2210 uberiusab
352 2146 406 2216 Ar.
422 2149 591 2232 exponitur.
630 2148 694 2212 lam
719 2148 799 2236 quod
823 2169 913 2233 supra
936 2147 1079 2222 indicavi,
1107 2168 1151 2209 se-

147 2271 270 2346 quentes
300 2281 419 2346 quoque
448 2265 608 2327 sentcntiae
636 2263 771 2328 turbatae
794 2275 873 2328 sunt
910 2261 1075 2328 Nemeum
1098 2261 1150 2326 Ar.

145 2377 241 2460 primo
277 2377 430 2461 oppositas
459 2399 505 2442 res
536 2377 573 2442 ab
604 2377 704 2442 eedem
733 2381 853 2444 scientia
881 2377 1049 2442 tractandas
1078 2399 1150 2452 esse,

147 2483 313 2553 sumsisset
335 2487 376 2570 (v.
394 2491 414 2557 9
431 2492 500 2574 draci
523 2491 559 2555 δὲ
580 2493 656 2575 μιᾶς
676 2533 711 2544 -
728 2489 948 2575 τάντικείμενα
963 2489 1152 2576 θεωρῆσαι),

146 2618 251 2690 postea
274 2606 310 2671 ad
335 2607 456 2672 eandem
480 2608 556 2674 hanc
578 2629 639 2674 rcm
663 2610 692 2672 in
716 2609 840 2694 simplici
863 2611 1020 2694 negatione
1044 2619 1074 2670 et
1092 2608 1152 2692 pri·

147 2723 265 2786 vatione
289 2721 547 2788 demonstrandam
570 2726 695 2788 recurrit
717 2720 895 2804 (ld-16).
935 2721 1005 2797 Sed,
1032 2725 1057 2784 si
1081 2720 1152 2808 quid

147 2837 310 2922 perspicio,
341 2838 397 2902 boc
421 2839 473 2902 Ar.
491 2840 580 2902 menti
604 2819 834 2904 obversabatur:
864 2857 929 2900 cum
957 2847 1086 2922 quatuor
1109 2835 1153 2898 di·
1215 2899 1224 2914 ,

146 2953 337 3036 stinguantur
374 2955 573 3039 oppositionis
610 2977 732 3041 genera:
775 2949 960 3038 ἀπόφασις,
998 2954 1152 3036 στέρησις,

146 3062 351 3150 ἐναντιότης,Ι
367 3064 408 3130 cd
431 3067 510 3151 πρός
535 3063 610 3149 τιι),
635 3083 797 3134 extremum
816 3080 913 3132 autem
937 3087 1029 3153 genus
1053 3067 1100 3132 hie
1122 3069 1151 3130 in

147 3202 266 3246 censum
291 3202 350 3244 non
374 3183 540 3248 vocandum
565 3183 661 3260 luerit,
687 3187 727 3248 ita
748 3185 799 3249 Ar.
818 3183 1046 3270 disputationem
1070 3183 1153 3246 insti·

147 3299 239 3360 tuisse
266 3296 399 3374 videtur,
430 3311 464 3362 ut
492 3302 521 3362 in
549 3301 717 3383 privatione
746 3313 834 3386 atquc
864 3303 1020 3384 negatione
1043 3297 1153 3362 directa

148 3409 398 3477 demonstratione
421 3425 563 3490 uteretur,
588 3417 825 3479 contrarietatem
849 3426 945 3478 autent
962 3435 1015 3499 per
1030 3411 1153 3476 mediam

149 3525 329 3608 differentiae
351 3524 541 3612 (διαφορᾶς)
559 3531 715 3612 1ηοῑίοιιιιι]
739 3528 777 3592 ad
793 3529 841 3592 illa
866 3528 929 3615 duo
941 3549 1048 3614 genera
1065 3526 1154 3592 reler-

149 3653 203 3706 ret.
237 3639 297 3706 Sed
320 3644 475 3708 universus
492 3644 576 3709 locus
594 3643 662 3708 inde
678 3642 715 3706 ab
733 3642 767 3708 3¹²
781 3642 823 3708 36
839 3665 934 3731 usque
955 3643 992 3708 ad
1005 3642 1039 3708 lla
1055 3641 1096 3706 22
1113 3645 1152 3708 ita

148 3797 359 3810 -ι-οι-ι-ι

208 3886 226 3948 ¹)
250 3883 282 3938 cl.
293 3891 315 3939 A
327 3901 347 3940 e.
360 3886 398 3952 Χ,
418 3894 464 3940 cat.
478 3904 498 3939 e.
510 3888 546 3942 X.
561 3931 565 3937 .
