2782 4612
581 343 742 440 jer-

154 524 211 588 alia
244 534 441 610 praeteream,
476 522 614 584 irritaene
643 522 833 606 quaestiones
861 494 1052 616 summaoin
1084 523 1103 586 l.
1126 525 1163 588 Κ.

155 640 208 702 c.l
230 650 260 702 et
273 638 297 701 ll
318 647 415 700 motae
438 635 528 700 sunt?
551 635 610 700 Ubi
625 635 809 720 disceptatur
825 634 861 699 de
876 635 960 724 ideis,
988 635 1162 700 deuotione
1226 707 1230 714 ,

154 751 356 826 substantiali,
386 749 423 814 de
446 753 591 826 numeris,
609 727 658 814 ¹de
683 749 953 836 magnitudinibus,
978 750 1015 814 dc
1038 753 1161 828 unitate,

155 841 239 931 aliis?
262 865 336 930 Nam
359 865 469 929 solutio
493 865 598 928 harum
622 867 828 952 quaestionum
851 886 911 928 nun
928 867 959 928 iu
974 864 1164 950 praecedenti

154 981 230 1045 libro
246 987 289 1044 Λ.
313 978 478 1066 quaerenda
509 991 569 1056 est,
599 979 652 1043 sed
679 982 710 1042 in
738 979 931 1065 subsequenti
961 975 1161 1066 disputatione

155 1093 340 1180 explananda
363 1093 428 1159 luit.
467 1093 595 1178 Rejeotis
618 1097 709 1180 igitur
731 1096 777 1157 his
801 1096 952 1158 sententiis
975 1097 1039 1180 ipse
1063 1095 1162 1158 statim

155 1212 185 1272 in
208 1209 292 1272 aliam
316 1208 416 1272 insidi.
450 1207 564 1271 Etenim
584 1210 646 1293 jam
669 1221 754 1272 antea
778 1208 851 1273 mihi
871 1221 1057 1278 enotaveram
1075 1213 1163 1273 trium

154 1322 297 1387 librorum
327 1321 387 1398 ,nde
410 1321 513 1388 bono«
542 1325 572 1385 in
596 1323 732 1408 catalogo
755 1323 790 1386 D.
808 1323 841 1386 L.
866 1325 1079 1388 recensitorum
1104 1323 1163 1387 duo
1227 1363 1229 1367 ,

155 1449 269 1502 tautum
291 1436 384 1510 libros
406 1458 424 1500 a
447 1436 597 1502 veteribus
621 1437 903 1502 commentatoribus
927 1436 1049 1502 laudari.
1088 1438 1164 1502 Hine

103 1589 105 1592 -
156 1553 268 1636 conjeci
286 1549 416 1616 a'vetere
432 1550 561 1637 quodam
577 1554 766 1638 grammatico
784 1550 903 1616 duobus
919 1551 1002 1616 libris
1020 1551 1163 1630 debono,

155 1669 186 1728 in
215 1665 325 1752 quibus
355 1663 489 1730 doctrina
512 1665 645 1731 Platonis
674 1666 710 1731 de
733 1668 855 1731 summis
878 1663 1031 1752 principiis
1054 1665 1164 1730 tradita

50 1857 56 1868 .
155 1779 259 1856 luerit,
282 1777 391 1844 librum
411 1780 540 1866 metaph.
557 1783 611 1856 A,
634 1780 688 1844 Ar.
704 1782 798 1866 ipsius
815 1779 978 1845 doctrinam
995 1779 1162 1845 desummo

155 1895 301 1980 principio
325 1896 538 1969 continentem,
563 1893 696 1958 additum
713 1894 814 1960 luisse.
848 1895 911 1958 llac
927 1907 1025 1962 autem
1042 1893 1164 1961 ra'duas

156 2007 344 2073 difficultates
367 2007 491 2072 solvisse
514 2011 653 2094 opinatus
670 2031 745 2074 sum.
779 2009 912 2073 Primum
928 2009 1084 2074 lectionem
1101 2007 1162 2076 Cia.

157 2121 244 2188 codd.
267 2121 324 2186 fide
347 2122 505 2188 firmatam:
534 2122 729 2188 »Aristoteles
753 2145 872 2211 quoque
895 2127 925 2188 iu
942 2127 1029 2188 tertio
1046 2123 1082 2188 de
1098 2125 1164 2211 phi-

157 2237 293 2323 losophia
321 2237 398 2303 libro
428 2239 520 2304 multa
543 2237 644 2302 turbat
667 2261 684 2302 a
707 2241 849 2326 magistro
872 2237 996 2303 Platone
1020 2260 1079 2302 uno
1106 2238 1165 2304 dis-

153 2353 306 2430 sentieus‘
337 2352 532 2438 pulcherrime
561 2352 713 2438 explicare
740 2353 812 2417 mihi
835 2356 916 2418 risus
941 2375 1009 2418 sum
1033 2354 1111 2419 hunc
1135 2357 1165 2419 in

157 2461 291 2530 modum:
323 2469 353 2530 in
381 2466 500 2531 duobus
523 2467 768 2553 praecedentibus
792 2467 875 2531 libris
898 2467 1031 2532 Platonis
1055 2468 1166 2533 doctri·

157 2601 225 2644 uam
253 2580 392 2656 tradidit,
421 2583 452 2643 in
481 2603 541 2645 uno
570 2582 657 2646 tertio
681 2583 760 2667 ipse,
792 2581 955 2646 aPlatona
978 2581 1163 2661 dissentiens,

157 2716 227 2760 suas
255 2708 354 2781 partes
384 2698 452 2780 egit.
500 2694 612 2760 Deinde
640 2697 813 2781 scrupulum
842 2718 960 2774 sorum,
991 2700 1042 2784 qui
1071 2721 1165 2762 meam
1249 2781 1257 2796 ·
1325 2675 1330 2682 ¹

157 2812 330 2874 sententiam
355 2808 391 2874 de
414 2810 517 2874 ordine
539 2809 681 2875 librorum
698 2811 899 2907 metaphqhao
914 2811 951 2876 de
966 2833 1071 2888 eausa,
1096 2814 1166 2899 quia

158 2939 303 3010 nusquam
329 2926 359 2987 in
382 2923 458 2989 libro
474 2927 517 2987 A.
540 2925 664 2990 lectores
688 2926 727 2990 ad
742 2928 822 2990 *alios
837 2925 929 2991 libros
947 2927 1165 3015 metaphysitos

157 3035 377 3125 delegarentur,
406 3038 535 3124 probare
563 3053 785 3118 cunctarentur,
816 3042 1028 3126 simplicissime
1052 3044 1166 3107 amoliri

158 3147 295 3240 cogitavi.
342 3152 417 3217 Nam
448 3175 499 3218 sos
528 3155 610 3219 locos
640 3155 709 3222 libri
731 3159 789 3232 A,
820 3159 871 3243 qui
897 3155 933 3220 ad
957 3155 1165 3242 praecedentes

155 3267 251 3332 libros
265 3267 395 3353 metaph.
412 3245 626 3354 spectaverint,
651 3269 687 3334 ab
704 3271 753 3334 illo
770 3273 972 3357 grammatico,
990 3274 1041 3359 qui
1056 3272 1165 3337 librum

156 3387 200 3447 A.
224 3403 289 3455 curn
312 3382 394 3448 libris
411 3383 447 3448 de
462 3383 542 3448 bono
560 3385 756 3470 conjunxerit,
782 3387 891 3471 ejectos
907 3409 984 3463 esse,
1011 3387 1165 3452 verisimile

158 3519 220 3564 esse
250 3496 418 3563 videbatur.
464 3497 515 3562 Sic
545 3511 630 3568 antea
663 3512 833 3566 statueram.
880 3501 922 3566 At
951 3500 1166 3567 dubitationem

157 3615 251 3678 movit
267 3613 354 3700 Diog.
372 3613 479 3688 tacet,
504 3625 539 3677 ut
562 3617 612 3700 qui
635 3626 695 3679 tres
718 3616 812 3680 libros
837 3614 872 3680 do
895 3615 976 3680 bono
1001 3629 1029 3680 et
1053 3629 1111 3680 tres
1130 3615 1166 3682 do

155 3728 347 3816 philosophia
375 3739 540 3804 recenseat,
571 3750 624 3794 nec
653 3731 797 3794 sententia
821 3725 997 3816 Brandisii¹)
1027 3733 1166 3798 aliorum·

157 3875 370 3894 ...n—‘a—-a--q-

143 3989 149 4008 ·
215 3969 235 4040 ι)
257 3969 294 4026 oe
312 3969 383 4041 pera.
401 3971 445 4028 n.
464 3970 509 4026 nt.
528 3971 559 4028 aa
577 3973 642 4030 taes
661 3979 687 4028 e
705 3973 736 4029 as
754 3973 823 4030 taso
842 3991 866 4046 p.
880 3971 905 4030 o.
930 3951 937 3962 '
