2784 4606
233 481 263 546 ln
287 479 438 547 efficienda
462 503 492 547 ro
517 480 592 546 duae
620 483 770 569 potentiae
797 483 970 569 exigantur,
1000 504 1059 547 una
1084 503 1160 570 quae
1182 484 1246 548 vim

233 598 382 685 quandam
412 601 453 664 rei
478 597 598 664 invehat
621 594 838 682 (ποιητικόν),
870 598 975 677 altera,
1007 621 1083 687 quae
1105 599 1143 664 ad
1167 599 1246 664 haue

233 717 292 778 vim
316 714 531 801 suscipiendam
555 713 662 779 idonea
685 716 724 777 sit
751 708 984 799 (παθητικόν),
1016 718 1150 800 potentia
1173 737 1246 800 pas·

188 877 194 884 -
232 831 306 906 aiva,
331 853 389 918 qua
412 831 541 917 passiva,
566 850 681 916 semper
703 831 818 894 ratione
842 842 931 906 caret,
956 831 1052 894 activa
1075 843 1172 894 autem
1193 851 1245 895 ra-

232 946 322 1009 tionis
345 945 454 1010 lumino
477 946 616 1032 pleraque
640 950 785 1010 instructa
810 957 854 1010 est
877 943 913 1008 el.
929 943 986 1010 49·
1008 943 1110 1032 3sqq.
1140 946 1244 1032 ltaque

232 1073 335 1125 nostro
373 1081 493 1148 quoque
527 1062 593 1125 loco
624 1060 715 1125 verba
749 1071 815 1134 autc
847 1058 925 1124 ἄνευ
960 1058 1058 1139 λόγου
1092 1041 1245 1133 δυνατοῖς

232 1197 292 1239 nou
316 1199 334 1239 a
357 1168 514 1241 τάνοιντία
543 1175 595 1240 sed
625 1198 640 1238 a
672 1184 761 1238 ποιεί
786 1197 929 1261 suspensa
958 1197 1021 1241 esse
1051 1173 1241 1240 crediderim:

232 1293 382 1376 potentiae
405 1291 563 1355 rationales
587 1313 633 1355 rea
656 1291 821 1356 irrationali
843 1294 976 1378 potentia
1000 1291 1148 1376 praeditas
1170 1311 1242 1354 eon·

232 1408 324 1469 trario
348 1405 436 1470 modo
461 1405 603 1470 alliciunt.
799 1472 803 1482 ,

301 1518 401 1586 1049*
432 1518 482 1584 18.
522 1515 666 1583 demedi
694 1520 713 1582 δ
741 1519 875 1602 λέγομεν
897 1522 982 1586 εἶναι
1010 1519 1049 1584 oei
1072 1521 1147 1585 adda
1169 1516 1241 1584 ἄλλ’

232 1634 395 1712 ἐκείνινον,
419 1631 489 1700 οίον
510 1630 545 1699 ed
571 1635 718 1717 κιβώτιον
734 1631 772 1700 οὐ
789 1631 889 1714 ξύλον
903 1629 989 1700 ditat
1006 1635 1145 1712 ξύλινον,
1165 1631 1241 1699 οὐδὲ

232 1751 269 1815 τό
292 1747 393 1828 ξάλον
415 1750 455 1834 γῆ
477 1745 563 1812 attat
586 1749 706 1834 γήϊνον,
730 1748 830 1813 πάλιν
851 1748 926 1834 ἢγῆ
942 1751 972 1813 el
985 1749 1085 1824 οὕτως
1100 1747 1143 1836 μὴ
1160 1748 1240 1812 ἄλλο

233 1862 302 1927 ἀλλ’
331 1864 500 1940 ἐκείνινον,
530 1859 581 1926 δεῖ
608 1862 711 1926 ἐκεῖνο
742 1863 878 1946 δυνάμει
906 1857 1018 1938 cimicis
1046 1860 1083 1927 cd
1110 1863 1241 1948 ὕστερόν

233 1978 327 2044 ἐστιν.
361 1979 477 2064 Majore
500 1980 737 2065 interpunctione
759 1993 830 2066 post
851 1980 891 2064 γῆ
913 2003 951 2045 ex
974 1979 1240 2066 Trendelenburgii

233 2097 331 2182 sagaci
349 2096 517 2180 conjectura
528 2088 547 2176 ¹)
563 2097 662 2181 posita
677 2108 707 2159 et
723 2093 859 2178 δυνάμει
874 2118 912 2160 ex
923 2095 980 2160 fide
992 2096 1059 2160 cod.
1074 2097 1114 2160 Aa
1132 2109 1160 2163 et
1171 2095 1241 2158 Ale·

233 2211 340 2277 xandri
371 2213 546 2276 auctoritate
577 2209 689 2274 taciturn
720 2232 780 2276 uon
809 2225 888 2277 certa
917 2210 1034 2276 sublato
1059 2212 1240 2277 constructio

233 2327 318 2391 lacile
336 2326 502 2411 expeditur.
539 2325 708 2390 Sententiae
728 2329 803 2389 euim
818 2329 861 2390 ita
876 2327 1046 2393 cohaerent:
1070 2325 1239 2402 illudam,

234 2465 272 2507 ex
296 2463 355 2529 quo
379 2415 447 2526 ipso
468 2440 548 2504 nulla
571 2461 653 2504 mora
677 2442 874 2506 intercedente
897 2463 944 2506 res
968 2445 1116 2506 enascitur
1138 2439 1171 2518 (ὅ
1188 2440 1241 2505 id-

232 2558 343 2641 γομεν)
374 2579 434 2620 non
457 2553 534 2620 τάδε
556 2554 608 2620 sed
631 2555 785 2621 ἐκείνινον
807 2569 860 2622 est.
907 2557 1058 2642 Exemplis
1082 2557 1186 2621 deinde
1209 2577 1240 2620 re

233 2674 393 2753 illustrata,
419 2693 545 2759 quorum
569 2685 733 2736 extremum
757 2670 873 2752 (πάλιν
895 2670 913 2758 ἢ
936 2669 991 2757 γῆ)
1016 2675 1108 2757 magis
1131 2671 1241 2736 iudica·

233 2801 295 2854 tum
320 2811 407 2875 quarn
433 2788 600 2872 expositum
625 2800 678 2862 est,
703 2788 755 2851 Ar.
780 2790 820 2851 ita
843 2788 956 2874 pergit:
984 2788 1090 2873 quodsi
1107 2787 1178 2874 quid
1202 2783 1243 2867 (ai

234 2901 353 2984 οὕτως)
383 2924 442 2965 non
473 2901 546 2964 alius
577 2900 728 2986 cujusdam
759 2901 920 2985 praedicati
948 2925 1067 2967 munere
1098 2901 1238 2987 iungitur,

234 3018 285 3082 scd
314 3017 393 3081 llexo
423 3019 540 3080 nomine
569 3013 756 3098 (ἐκείνινον)
792 3016 827 3081 de
857 3019 953 3105 aliqua
983 3041 1015 3083 re
1043 3018 1238 3105 praedicatur,

234 3133 283 3196 illa
314 3154 429 3218 semper
458 3144 486 3196 et
515 3133 634 3195 omnino
665 3145 794 3196 extrema
825 3136 945 3197 materia
974 3146 1026 3198 est.
1080 3134 1133 3198 Ar.
1165 3134 1239 3196 enim

235 3243 1236 3334 mmmmmmmmmwmmfflmmfflvffl

235 3385 272 3428 ex
295 3366 483 3451 grammatica
513 3362 605 3425 lorma
636 3366 777 3449 cognosci
808 3375 906 3449 queat.
944 3363 1077 3427 Verbum
1107 3360 1240 3444 δυνάμει

235 3492 331 3544 autem
362 3479 399 3543 ab
430 3478 641 3564 interpolatore
671 3478 800 3564 quodam
830 3476 866 3540 ad
890 3476 1034 3562 ὕστερον,
1063 3478 1163 3564 paullo
1187 3476 1240 3541 ob·

234 3597 349 3658 seurius
366 3594 486 3668 dietum,
512 3593 657 3679 adjectum
681 3615 744 3658 esse
767 3594 895 3658 videtur.
924 3594 998 3658 Nam
1023 3615 1088 3658 oum
1112 3606 1240 3658 extrema

235 3713 354 3774 materia
377 3712 530 3789 ipsoram
554 3712 686 3796 potentia
710 3708 859 3774 includere
883 3703 979 3792 (³15)
1000 3709 1123 3786 dicatur,
1150 3731 1239 3795 copu-

292 3877 547 3954 dfflmpw.
