2784 4606
644 351 802 445 L
842 325 844 331 .

216 549 290 614 quae
315 525 413 592 verbis
436 548 452 589 a
477 524 542 590 cod.
563 525 605 590 Ab
634 527 749 589 omissis
772 527 883 602 insunt,
908 527 937 589 vi
961 524 1150 612 repondere
1173 525 1227 590 do·

216 659 324 708 remur.
369 642 443 708 Nam
467 653 582 706 tantum
606 642 704 716 abest,
730 653 763 704 ut
786 641 873 706 ullam
896 644 1023 727 speciem
1047 641 1228 708 additamen-

215 771 329 832 tornm‚
352 757 390 822 ab
412 757 623 843 interpolatore
645 777 796 843 quoquam
817 757 920 822 leviter
935 756 1132 842 adjectorum,
1157 778 1228 843 prn-

217 872 302 948 dant‚
327 885 362 936 ut
384 871 422 936 ad
445 875 653 937 sententiarum
670 894 852 948 connexum,
877 871 990 958 siquid
1008 871 1103 947 aliud,
1127 893 1228 938 neces·

216 992 293 1052 soria
323 1009 385 1052 esso
410 987 575 1052 videantur.
623 987 711 1070 Quod
741 1009 807 1052 cum
835 987 898 1050 fieri
928 1008 987 1052 non
1016 989 1127 1072 possit,
1156 989 1227 1076 quin

214 1105 335 1168 lacunas
364 1103 427 1167 illas
451 1103 486 1167 de
511 1103 655 1168 industria
679 1125 696 1166 a
719 1102 840 1167 librario
865 1101 955 1168 verba
979 1102 1131 1187 interjecta
1154 1114 1228 1167 tam·

216 1239 303 1306 quam
326 1218 476 1305 superflua
500 1219 625 1302 ejicienti
653 1217 745 1282 lactas
769 1241 831 1282 esso
855 1239 1039 1294 censeamus,
1071 1217 1228 1284 meditatus

217 1357 296 1412 sum,
321 1337 346 1397 si
362 1356 420 1420 qua
437 1337 551 1398 ratione
567 1333 615 1396 illa
630 1333 807 1419 negligentia
823 1331 1009 1418 probabilior
1023 1331 1106 1399 reddi
1123 1334 1227 1418 possit.

178 1525 183 1546 κ
215 1451 314 1536 Atque
338 1453 363 1513 si
383 1448 649 1532 verhauinterjecta
672 1451 702 1510 in
727 1449 901 1534 exemplari,
926 1450 1011 1536 cujus
1034 1448 1132 1514 scriba
1156 1468 1229 1534 apo·

215 1565 361 1652 grapbum
386 1562 522 1640 coniecit,
544 1563 676 1649 singulos
700 1564 747 1628 vel
770 1564 869 1649 plures
891 1585 994 1630 versus
1018 1575 1154 1628 accurate
1177 1585 1229 1628 ex·

216 1681 312 1766 plesse
334 1692 463 1744 statuere
486 1680 595 1754 liceret,
621 1679 757 1744 socordia
782 1679 896 1746 scribae
919 1702 936 1744 a
957 1679 1049 1744 rebus
1065 1679 1136 1764 ipsis
1153 1679 1226 1742 mul·

217 1809 278 1859 tum
302 1795 402 1880 adjuta
427 1806 518 1871 esset3
541 1793 675 1858 facillime
700 1795 776 1856 enirn
801 1794 878 1856 oculi
903 1792 941 1858 ab
965 1814 1026 1858 uno
1050 1796 1080 1858 in
1104 1794 1228 1860 alterum

215 1931 333 1974 versum
360 1908 456 1974 delabi
478 1911 657 1994 potuissent.
696 1906 770 1973 Cum
795 1922 892 1974 autent
915 1909 997 1974 locos
1018 1911 1100 1995 ipsos
1117 1909 1229 1997 disqui-

216 2026 325 2100 rerem,
356 2023 512 2088 nonnullas
542 2024 660 2109 quidem
688 2024 824 2115 lacunas,
856 2023 945 2088 modo
970 2025 1102 2110 singulos
1126 2047 1229 2092 versus

216 2142 333 2204 vicenas
362 2139 421 2204 lere
450 2141 548 2204 literas
577 2142 757 2204 continuisse
786 2142 990 2216 statuerimus,
1022 2161 1058 2204 ox
1087 2140 1142 2204 hac
1165 2140 1228 2227 lege

216 2255 351 2342 expediri
373 2277 477 2341 posse,
508 2256 648 2339 majorem
672 2266 768 2318 autem
792 2267 905 2340 partam
930 2258 958 2318 in
983 2255 1060 2318 illam
1083 2257 1227 2320 rationem

216 2370 310 2456 redigi
338 2372 459 2456 nequire
491 2369 630 2434 intellexi.
675 2369 778 2455 ltaque
807 2389 975 2455 propensus
999 2391 1079 2447 sum,
1110 2384 1143 2434 ut
1165 2371 1229 2438 illas

215 2486 334 2556 lacunas
369 2506 429 2550 oon
466 2483 566 2548 subito
603 2483 654 2548 sed
688 2485 839 2570 paullatim
869 2505 906 2550 ex
936 2485 1088 2552 codicibus
1120 2485 1227 2552 diversi

216 2622 336 2688 quoque
365 2598 493 2664 ambitus
523 2612 604 2664 ortas
628 2621 691 2664 esse
714 2622 856 2664 censeam.
904 2599 965 2666 Sed
987 2600 1129 2666 lubricam
1153 2603 1229 2668 hanc

216 2719 293 2780 viam
324 2718 385 2801 jam
415 2713 534 2792 desero,
571 2737 607 2779 ne
637 2717 728 2780 nimio
758 2715 942 2800 conjectandi
972 2717 1071 2782 studio
1102 2721 1143 2782 rei
1171 2721 1228 2804 ipsi

215 2850 347 2896 noceam.
395 2831 502 2895 Procul
533 2843 630 2898 autern
660 2831 752 2896 dubio
781 2832 902 2896 lacunae
931 2832 961 2896 id
991 2854 1084 2920 genus
1106 2855 1167 2896 non
1190 2833 1229 2897 ad

215 2949 394 3011 recensionis
424 2946 649 3032 discrepantiam
680 2946 732 3011 sed
762 2947 799 3010 ad
829 2947 966 3013 librarios
994 2950 1228 3035 imperitissimos

215 3063 316 3127 relerri
335 3062 451 3127 debent.
485 3061 544 3126 Sed
561 3065 723 3149 quaeritur,
748 3063 850 3126 illaene
866 3063 997 3140 lacunae,
1023 3084 1098 3152 quae
1114 3086 1174 3130 non
1191 3087 1228 3128 ex

215 3179 416 3246 homoteleuto
441 3180 582 3266 originem
607 3181 760 3255 traxerint,
790 3201 827 3244 ex
849 3183 1019 3246 recensione
1044 3179 1159 3244 diversa
1183 3201 1228 3244 re·

180 3288 183 3292 ’
214 3294 358 3380 petendae
382 3296 455 3370 sint,
487 3317 523 3358 an
548 3306 576 3358 et
598 3297 679 3380 ipsae
703 3293 891 3360 librariorum
915 3297 1109 3384 negligentiae
1132 3299 1229 3382 impu·

215 3412 272 3474 tari
296 3409 431 3475 debeant.
468 3410 568 3495 Atque
592 3408 627 3472 de
651 3431 708 3472 ona
733 3411 784 3474 tali
808 3410 912 3474 lacuna
936 3409 1066 3476 dubitari
1090 3433 1149 3502 non
1173 3433 1228 3498 po·

216 3539 289 3602 test,
321 3529 391 3613 quin
422 3538 451 3590 et
476 3527 540 3612 ipsa
564 3525 718 3590 socordiae
742 3525 856 3590 scribae
881 3525 1037 3591 debeatur:
1069 3525 1167 3592 1017ἃ
1187 3526 1226 3592 17

215 3636 251 3706 ad
277 3641 313 3705 δὲ
335 3637 488 3726 μουσικὸν
509 3639 699 3727 ἄνθρωπον,
724 3641 773 3706 ὅτι
794 3639 895 3729 τούτῳ
919 3637 954 3706 cd
978 3639 1133 3727 μουσικὸν
1148 3665 1228 3728 συμ-

214 3759 349 3842 βέβηκεν
371 3781 428 3822 οιιι.
448 3757 505 3836 Al3
538 3761 641 3822 etenim
666 3781 713 3834 ea,
747 3781 821 3845 quae
846 3759 898 3824 Ar.
922 3761 951 3823 in
975 3761 1112 3844 proxima
1136 3782 1228 3824 cnun-

215 3876 343 3938 ciatione
373 3871 477 3939 »orirer
502 3872 539 3938 δὲ
561 3872 687 3953 λέγεται
708 3878 763 3940 καὶ
784 3869 820 3940 cd
838 3869 881 3959 pa>
898 3870 1015 3942 λευκὰν
1030 3877 1134 3942 alvos«
1157 3897 1228 3940 con·
