2784 4606
242 526 315 592 saiso
339 519 428 612 nopai
449 520 491 590 ad
516 528 597 592 καθ’
613 527 731 590 ἕκαστα
753 526 939 605 subaudivit‚
969 526 1148 614 interpolata
1170 540 1251 606 snt,
1376 555 1377 612 p

242 663 296 707 neo
320 642 357 707 ab
381 641 468 708 Alex.
493 641 568 708 lecta
592 641 683 708 fuisse
698 636 845 721 videatur,
870 656 906 709 ut
920 645 970 731 qui
987 644 1162 730 paraphrasi
1175 643 1251 710 haar

242 757 334 822 verba
357 757 461 821 addat:
491 753 589 824 οὐδὲν
614 754 675 842 γὰρ
700 739 794 822 ἔσταν
810 755 846 822 ad
871 759 1001 843 νοητόν,
1031 754 1117 824 ἀλλὰ
1140 756 1251 824 πάντα

241 869 280 936 ad
310 872 389 936 ὄντα
418 873 574 956 αἴσθηταί·
603 872 749 938 τοιοῦτον
770 868 833 954 reip
856 869 897 936 roi
919 872 982 938 ὅλα
1004 879 1058 936 καὶ
1081 868 1251 958 συναμφό-

242 1009 331 1071 τερα,
355 999 433 1066 παρ’
456 987 478 1050 c‘r'
501 997 601 1052 natam
617 986 719 1072 μηδὲν
736 985 833 1063 ἄλλο,
857 1010 1035 1076 quamquam
1050 991 1113 1076 ipso
1129 1011 1250 1076 quoquo

241 1123 408 1166 aonoexum
431 1106 640 1167 sententiarum
665 1124 724 1166 noo
743 1106 906 1190 perspexit.
943 1103 1031 1187 Quod
1054 1118 1152 1170 autom
1168 1107 1249 1190 prio·

241 1239 301 1282 reru
331 1221 532 1304 quaestionem
562 1219 654 1283 multo
685 1218 819 1282 latiorem
844 1220 934 1282 altera
958 1218 1046 1296 dixi,
1068 1219 1098 1284 id
1120 1242 1159 1284 ox
1181 1223 1248 1304 ipso

241 1332 299 1398 hoo
316 1332 381 1397 loco
398 1333 450 1396 Ar.
470 1346 603 1420 apparot.
639 1332 722 1409 Nam,
748 1335 771 1396 si
788 1336 854 1419 quis
870 1335 1066 1420 quaesiverit,
1090 1333 1248 1420 numquid

241 1460 358 1534 praeter
385 1449 516 1535 singulas
545 1471 591 1512 res
619 1429 793 1534 ponendum·
818 1452 871 1524 ait,
901 1461 931 1512 et
952 1471 1060 1536 gouera
1084 1461 1114 1513 ot
1136 1450 1248 1534 speeies

241 1575 271 1628 et
293 1564 425 1648 singulae
445 1563 556 1628 formae
572 1566 602 1626 io
618 1586 738 1630 censum
754 1564 888 1630 voranda
904 1577 991 1642 sunt;
1015 1566 1060 1628 sio
1076 1565 1153 1650 quis,
1175 1585 1248 1628 uum

241 1677 314 1764 quid
341 1691 457 1765 praeter
479 1701 525 1744 res
550 1692 717 1757 concretus,
749 1703 781 1745 ea
806 1681 885 1755 sola,
916 1679 1086 1765 exquibus
1109 1701 1157 1743 res
1180 1701 1248 1744 eoa·

240 1793 342 1871 luerit,
366 1793 489 1860 sormam
509 1795 582 1884 ⁵dieo
606 1808 635 1860 et
658 1797 823 1870 materiam,
848 1796 1009 1858 examinari
1030 1793 1151 1861 debent.

309 1907 408 1975 1003ἃ
422 1909 449 1974 1.
475 1911 631 1993 πρότερον
652 1903 715 1993 γὰρ
737 1905 756 1992 ἢ
780 1907 916 1992 δύναμις
931 1907 1052 1992 ἐκείνης
1065 1909 1120 1992 τῆς
1134 1907 1246 1983 mitior,

239 2020 275 2088 ad
301 2023 337 2088 tt
361 2019 501 2088 dovario
524 2017 583 2086 οἰκ
599 2018 778 2103 ἀναγκαῖον
794 2023 920 2097 ἐκείνας
935 2023 1001 2088 πᾶν
1015 2021 1109 2102 ἔχειν.
1142 2023 1247 2088 Porto-

239 2143 302 2204 rior
329 2141 474 2204 souteotia
496 2151 611 2204 tontum
635 2138 733 2215 abest,
763 2151 797 2202 ut
819 2141 913 2224 priori
937 2141 1048 2224 opponi
1073 2141 1182 2224 possit,
1212 2151 1247 2202 ut

239 2257 368 2341 priorem
392 2255 500 2343 probet
523 2254 686 2341 firmatque.
728 2253 788 2320 Noa
813 2253 895 2341 quod
917 2256 1097 2340 grammatici
1121 2252 1158 2317 de
1175 2245 1247 2316 rou-

239 2373 371 2434 seoutiva
395 2375 424 2432 vi
449 2369 611 2455 particulae
640 2367 718 2431 »dri«
751 2367 873 2444 dorent,
898 2368 935 2434 ad
960 2391 1010 2434 eos
1028 2369 1109 2432 loros
1126 2366 1245 2432 extendi

238 2497 352 2570 potest,
378 2483 429 2550 ubi
452 2485 524 2549 nihil
548 2486 617 2547 novi
643 2482 778 2560 addatur,
802 2483 855 2549 sed
878 2487 964 2550 unire
986 2483 1165 2570 praecedens
1180 2503 1245 2546 aeu-

240 2603 330 2664 tentia
354 2600 552 2664 confirmetur.
590 2599 692 2686 Itaque
716 2599 763 2662 hic
785 2599 882 2686 legero
903 2601 1004 2664 veiim:
1027 2597 1065 2662 τό
1085 2619 1121 2677 γε
1145 2595 1245 2661 dura·-

238 2710 296 2780 etv
308 2760 316 2779 .
329 2761 337 2778 .
348 2760 358 2778 .
371 2761 380 2778 .
395 2716 452 2780 hoo
464 2737 568 2780 sensu:
593 2717 675 2801 prior
692 2726 735 2778 ost
751 2717 883 2800 potentia
899 2728 992 2792 aetus,
1009 2715 1146 2778 nimirum
1163 2711 1245 2799 quod

157 2913 159 2916 Ι
238 2831 379 2917 possibile
403 2844 461 2906 est,
486 2853 545 2894 nou
570 2851 655 2894 omne
678 2832 708 2894 in
725 2842 821 2894 artum
837 2830 1048 2896 transducitur.
1078 2828 1244 2908 Particulao

231 2963 321 3023 -ayer
352 2945 477 3009 articulo
508 2944 654 3030 adjectae,
686 2967 751 3009 cum
775 2947 887 3010 nomini
909 2949 966 3030 ipsi
990 2943 1155 3030 adjicienda
1177 2941 1243 3018 iuit,

238 3061 370 3146 exempla
396 3072 424 3124 et
447 3060 527 3146 apud
543 3060 595 3124 Ar.
621 3074 650 3126 et
672 3061 753 3148 apud
776 3062 849 3126 aiios
873 3073 1046 3127 occurrunt:
1076 3064 1125 3124 M.
1148 3058 1245 3124 ovili

241 3175 340 3240 1083b
354 3173 394 3240 16
418 3174 435 3238 ὅ
458 3187 488 3255 ν’
501 3172 714 3262 ἀριθμητικὸς
737 3170 881 3262 οἷριθμος
893 3221 901 3238 .
914 3221 922 3236 .
934 3219 962 3237 ..
986 3187 1015 3239 et
1033 3171 1188 3240 1083i14
1209 3177 1245 3235 ui

236 3313 273 3370 pr
287 3287 451 3373 μονάδας,
475 3292 627 3356 Demosth.
643 3293 759 3379 olynth.
776 3293 796 3368 l,
815 3292 855 3355 27
879 3301 945 3364 τοῖς
966 3313 1003 3370 γε
1026 3287 1183 3374 σώφροσις
1206 3287 1243 3354 oi.

131 3490 136 3494 -
237 3407 393 3493 Aristoph.
417 3406 488 3472 oub.
514 3431 541 3470 v.
562 3404 645 3472 1286
669 3400 727 3470 τὸν
749 3405 843 3470 τόκον
864 3397 989 3478 α’πόδος
1010 3427 1056 3484 γε.

307 3521 468 3588 1003129.
490 3521 588 3607 δῆλον
605 3522 636 3586 d’
649 3520 697 3585 ὅτι
712 3517 751 3584 οὗ
766 3519 931 3608 χωρίζεται
946 3518 1012 3583 οὔτ’
1024 3518 1077 3584 a'rri
1091 3519 1243 3599 revidetur

238 3635 306 3704 οὔτ’
325 3638 377 3702 ἐπὶ
404 3637 549 3723 φθορᾶς·
581 3633 697 3720 ὁμοίως
726 3635 772 3722 δὲΙ
793 3641 847 3700 καὶ
873 3635 929 3700 ἐπὶ
949 3635 1007 3700 τοῦ
1028 3633 1109 3710 ἑνός.
1144 3634 1241 3702 Multo

237 3752 385 3818 difficilius
409 3753 581 3838 exploratu,
605 3751 678 3838 quid
693 3751 746 3817 Ar.
770 3753 817 3816 his
838 3752 936 3817 verbis
959 3751 1125 3839 sigutucare
1140 3750 1242 3818 volue-¹

236 3873 291 3948 rit,
316 3891 419 3954 quam,
445 3871 496 3956 qui
519 3889 622 3933 sensus
645 3869 740 3934 inesse
763 3889 823 3934 oon
847 3870 951 3954 possit.
997 3867 1096 3954 Atque}
1121 3887 1155 3934 eu
1177 3867 1242 3952 qui·
