2784 4606
714 332 733 394 2

644 419 803 432 -ῂ-

218 509 264 573 vel
289 508 431 573 medicina
455 511 555 573 critica
576 509 622 572 vel
646 510 753 572 lumine
778 511 1028 594 interpretationis
1052 530 1229 596 magnopere

219 637 333 710 egeant.
380 623 453 688 Nam
470 603 545 688 'non
570 624 657 688 modo
682 624 766 686 multi
791 624 847 688 loci
872 624 908 688 ab
933 623 1143 711 interpretibus
1166 625 1230 688 aliis

220 737 392 802 emendandi
422 740 516 803 relicti
539 752 623 814 sunt,
653 738 815 802 sedetiam
841 752 974 815 exstant,
1005 761 1131 826 quornm
1155 739 1231 802 dilii-

220 854 343 917 cultates
366 854 432 916 illos
449 853 587 940 lugerint.
621 854 651 916 ln
669 852 858 917 ordinavero
877 867 905 918 et
921 855 1108 919 cohaerentia
1124 854 1230 917 borum

219 967 361 1032 librorum
387 968 599 1054 investigandis
623 969 774 1032 clarissimi
798 969 838 1030 illi
861 972 917 1032 viri
942 971 1050 1055 magis,
1076 969 1147 1056 quid
1172 990 1230 1032 non

220 1085 427 1146 concinnatum
450 1086 503 1157 sit,
535 1083 716 1159 docuerunt,
742 1103 830 1168 quarn
854 1084 934 1169 quod
960 1106 1113 1148 commune
1137 1085 1233 1146 consi·

219 1197 289 1260 lium
313 1197 368 1260 bos
385 1185 476 1262 libros
494 1199 664 1284 conjungat,
691 1211 878 1261 curaverunt.
914 1199 989 1262 Meis
1005 1201 1096 1284 igitur
1110 1197 1232 1261 infirmis

220 1312 334 1376 viribus
362 1325 462 1376 utrum
492 1314 662 1397 eontigerit,
693 1325 722 1376 et
751 1313 874 1398 singuiis
902 1313 973 1376 locis
998 1313 1108 1377 medela
1132 1314 1233 1376 critica

220 1427 313 1490 lucem
343 1426 493 1490 effundere
524 1439 552 1489 et
582 1428 674 1489 totius
698 1430 796 1511 operis
821 1427 975 1491 consilium
1000 1441 1088 1513 atque
1112 1448 1233 1512 compo·

220 1544 356 1604 sitionem
380 1544 555 1626 perspicere,
582 1540 736 1604 doctorum
757 1544 888 1605 virorum
908 1542 1023 1626 judicio
1048 1545 1208 1606 committo.

287 1657 387 1742 Atque
410 1659 491 1741 ipsae
515 1656 592 1740 leges
617 1659 822 1720 concinnitatis
842 1659 903 1740 jam
927 1657 1060 1742 flagitare
1083 1656 1231 1730 videntur,

221 1783 256 1835 ut
277 1771 315 1834 ab
340 1771 463 1854 singuiis
486 1770 558 1832 locis
585 1770 801 1854 pertractandis
825 1774 1011 1855 auspicemur
1034 1783 1063 1834 et
1086 1770 1122 1834 ad
1146 1791 1234 1857 genc-

221 1885 357 1950 raliorern
386 1870 587 1970 quaestionem
616 1884 850 1970 progrediamur.
898 1883 957 1950 Sed
985 1907 1044 1950 nou
1069 1887 1181 1952 minore
1204 1886 1233 1948 vi

222 2022 239 2062 a
262 1999 351 2068 rebus
367 2001 439 2084 ipsis
455 1999 492 2065 ad
508 1999 588 2062 bunc
605 1999 736 2062 ordinem
753 1999 954 2082 propellimur.
988 1999 1064 2067 Nam
1077 2002 1233 2074 sententia,

223 2133 311 2200 quam
333 2113 468 2199 equidem
493 2113 626 2178 deseris
651 2113 756 2178 horum
780 2114 923 2180 librorum
947 2115 1059 2180 laturus
1083 2131 1162 2190 suna,
1193 2116 1234 2178 ita

222 2228 414 2292 fundamento
438 2229 621 2314 singulorum
646 2229 779 2293 locorum
802 2231 915 2304 nititur,
940 2230 1035 2294 uthis
1052 2230 1234 2294 solisacrius

223 2344 356 2406 excussis
372 2345 419 2406 via
443 2343 575 2427 patelieri
600 2345 704 2428 possit.
740 2343 907 2428 Antequam
932 2357 1029 2408 autern
1053 2344 1089 2408 de
1111 2345 1234 2430 singulis

223 2458 295 2522 locis
325 2477 461 2542 egemus,
493 2459 619 2542 primum
649 2457 685 2520 de
714 2457 854 2524 subsidiis
884 2460 993 2522 criticis
1022 2481 1118 2544 peuce
1147 2459 1235 2524 nobis

224 2571 394 2636 disserenda
417 2584 496 2636 sunt.
533 2572 673 2653 Quamvis
698 2575 774 2636 enirn
798 2572 947 2638 sedulitati
969 2576 1011 2638 rei
1028 2573 1234 2658 diplomaticae

223 2689 252 2750 iu
282 2686 327 2750 bis
356 2687 439 2753 libris
468 2687 653 2752 recensendis
685 2689 815 2752 minores*
840 2699 939 2772 partes
967 2689 1143 2755 tribuendae
1165 2691 1233 2764 sint,

224 2804 358 2888 quamvis
374 2804 520 2868 »acumine
549 2814 578 2864 et
609 2804 778 2887 cognitione
807 2803 1002 2866 Aristotelcee
1028 2803 1235 2888 philosophiae

224 2919 357 3001 inprimis
381 2937 457 3001 opus
480 2919 528 2992 sit,
552 2928 648 2982 tarnen
672 2939 708 2980 ne
724 2919 808 2980 istam
826 2916 942 3002 quidem
959 2930 1072 3002 partem
1088 2918 1236 3004 negligere

224 3029 269 3094 las
292 3043 344 3102 est.
379 3029 440 3096 Sed
463 3033 593 3094 omnium
619 3031 752 3094 codicum
778 3043 808 3094 et
829 3032 1010 3117 reliquorum
1035 3031 1234 3097 subsidiorum

225 3147 416 3210 auctoritates
450 3145 622 3230 ponderare.
651 3146 688 3210 eb
720 3148 865 3232 augustiis
900 3147 989 3230 hujus
1021 3147 1236 3212 dissertationis

226 3259 353 3324 alienum
375 3271 435 3336 cst3
461 3260 535 3325 duas
559 3273 656 3326 autern
680 3263 868 3347 gravissimas
893 3265 1081 3347 quaestiones
1098 3275 1236 3329 excutere

225 3377 254 3436 in
280 3376 408 3437 animum
435 3374 555 3451 induxi3
585 3377 711 3460 primurn
737 3397 811 3461 quac
836 3375 964 3462 dignitas
989 3377 1083 3440 codici
1107 3378 1237 3441 Lauren·

225 3491 316 3564 tiano,
342 3490 508 3552 assclrliero
525 3490 600 3576 siglo
625 3489 707 3554 ,Aba
731 3501 845 3565 notato,
872 3492 1047 3577 assignanda
1063 3495 1110 3568 sit,
1132 3491 1236 3555 deinde

226 3625 301 3690 quac
316 3607 392 3667 ratio
409 3607 486 3688 inter
502 3616 613 3668 veteres
630 3617 884 3682 commentatores,
902 3606 1104 3670 Alexandrum
1117 3605 1237 3692 Aphro·

227 3718 380 3783 disiensem
398 3721 540 3806 inprimis,
566 3732 594 3782 et
610 3720 702 3784 libros
718 3723 935 3806 manuscriptos
951 3721 1121 3786 intercedat.
1153 3721 1237 3784 Prio-

225 3854 286 3898 rem
310 3837 513 3919 quaestionem
542 3856 607 3898 cum
635 3836 698 3899 aliis
721 3849 783 3900 turn
808 3837 862 3900 hac
886 3836 923 3900 de
945 3858 1033 3902 causa
1056 3848 1237 3902 tractaturus
