2784 4606
245 555 299 597 rue
319 528 354 597 tn
377 532 431 619 τῆς
452 533 603 613 γενέσεως
624 526 660 596 ed
684 531 880 616 γιγνόμενον,
904 525 989 598 ἀλλὰ
1013 525 1093 615 porci
1117 525 1177 618 την
1195 533 1256 613 rd·

245 667 341 714 νεσιν.
385 648 437 714 Ar.
462 671 528 714 eum
553 649 612 714 duo
636 669 743 736 genera
766 649 963 736 generationis
987 647 1186 725 distinxisset,
1211 648 1255 713 al·

246 777 354 842 terum,
390 787 450 853 quo
486 765 558 854 quid
592 764 629 830 ad
663 764 866 852 perieotiororn
894 775 1003 828 statum
1032 763 1252 852 progrediatur,

246 881 351 946 inverti
375 903 463 969 posse
486 895 590 970 negat3
620 880 759 969 quod‘ut
781 879 938 966 probaret,
971 877 1098 946 addidit:
1129 876 1167 944 oei
1189 874 1253 967 reip

245 999 397 1077 ripun..
426 998 478 1063 His
502 1000 532 1062 in'
555 996 654 1062 verbis
678 995 861 1083 explicandis
884 1009 914 1061 et
937 1009 1050 1060 reterm
1075 1007 1254 1062 commenta-

245 1126 324 1178 tores
348 1127 377 1178 et
393 1113 548 1182 Bonitzius
572 1113 726 1178 discrimen
743 1115 771 1176 io
788 1111 1060 1199 praepositionibus
1075 1111 1110 1189 ἐξ
1126 1126 1155 1177 et
1170 1105 1251 1196 preat

246 1228 421 1294 collocatum
444 1253 508 1296 esse
538 1232 593 1294 rati
619 1231 659 1293 ita
675 1228 767 1295 verba
791 1229 974 1316 explicuere:
998 1249 1044 1292 res
1067 1230 1142 1292 enim
1164 1249 1253 1316 gene·

245 1357 309 1410 rata
333 1367 392 1410 non
417 1368 455 1412 ex
476 1348 543 1432 ipso
567 1348 765 1431 generationis
794 1365 935 1431 processo
963 1342 1015 1408 sed
1038 1357 1109 1430 post
1131 1364 1253 1430 genera·

244 1464 354 1526 tionem
377 1461 536 1548 perfectam
560 1460 670 1548 prodit.
718 1459 777 1525 Sed
803 1473 838 1524 ut
860 1459 896 1525 de
919 1461 975 1524 hoe
999 1463 1253 1547 praepositionum

245 1575 281 1654 ἐξ
310 1589 338 1641 et
370 1571 451 1658 μετὰ
483 1577 649 1642 discrimine
677 1577 724 1640 vel
752 1578 878 1640 maxima
909 1588 1015 1664 argnto
1046 1576 1161 1653 sileam,
1197 1577 1252 1641 hae

245 1695 358 1758 ratione
382 1715 558 1782 numquam,
583 1715 636 1770 eur
657 1693 780 1758 alterum
803 1713 896 1780 genus
919 1714 979 1757 non
1003 1694 1176 1769 invertatur,
1201 1713 1253 1756 ex·

244 1809 346 1896 piieari
370 1821 479 1896 potest.
520 1808 598 1894 Quid
622 1809 718 1873 enim?
741 1808 847 1872 Nonne
871 1829 947 1894 aqua
971 1819 999 1872 et
1023 1810 1087 1893 ipsa
1110 1822 1180 1895 pust
1202 1829 1252 1896 ge·

245 1927 426 1988 renationem
455 1925 614 2013 perfeetum
643 1923 802 2009 provenit?
839 1922 900 1988 Nee
927 1943 1023 1988 novae
1046 1923 1170 2000 rei,'de
1194 1945 1252 2012 qua

246 2039 399 2106 Bonitzius
429 2039 527 2118 dicit,
547 2039 637 2104 ulium
665 2041 822 2126 vestigium
850 2041 879 2102 in
905 2037 956 2102 dr.
981 2037 1080 2104 verbis
1111 2038 1252 2128 indagare

244 2175 377 2242 possum.
424 2156 568 2245 Equidem
596 2158 702 2243 igitur,
738 2154 807 2219 dum
837 2157 902 2242 quis
930 2155 1078 2219 meliorem
1108 2159 1252 2242 interpre-

72 2271 79 2278 '
162 2309 166 2314 -
245 2273 386 2336 tationem
411 2271 526 2349 afferat,
555 2272 721 2336 unalitera
753 2269 812 2333 »dt
841 2271 994 2356 interjecta
1017 2272 1098 2357 lego:
1128 2263 1169 2334 nai
1189 2265 1251 2356 reip

243 2391 385 2466 γίγνεται
407 2385 442 2450 ἐκ
462 2385 517 2470 τῆς
529 2388 681 2465 γενέσεως
695 2382 732 2451 τὰ
747 2385 944 2468 γιγνόμενον,
968 2380 1073 2450 cidd’d
1089 2383 1156 2449 ἔστι
1169 2381 1250 2468 perd

244 2497 302 2586 την
324 2503 455 2582 γένεσιν.
470 2578 475 2584 ‚
491 2497 535 2565 To*
559 2500 749 2586 γιγνόμενον
772 2523 837 2567 eum
860 2524 920 2567 rem
945 2501 982 2566 ad
1006 2503 1126 2568 alteram
1151 2501 1252 2568 condi·
1377 2545 1378 2554 ,

244 2620 354 2683 tionem
377 2617 545 2682 tendentem
569 2616 704 2704 designet
725 2613 766 2698 (v.
784 2616 836 2683 25.
862 2613 904 2691 ὦς
926 2616 961 2680 ἐκ
983 2617 1040 2681 aori
1062 2619 1251 2700 γιγνομένου

244 2727 279 2796 ed
303 2730 461 2816 γεγονός),
492 2734 541 2798 hie
565 2731 625 2798 iere
648 2754 751 2798 sensus
775 2733 889 2800 evadit:
922 2735 1116 2821 nequeenim
1141 2755 1252 2821 exge-
1376 2811 1377 2818 η

245 2852 396 2915 roratione
426 2848 528 2935 prodit
557 2870 590 2912 ea
617 2870 678 2926 res,
710 2871 785 2936 quaa
809 2848 846 2914 ad
870 2850 958 2916 aliurn
982 2861 1091 2934 statum
1113 2850 1251 2926 feratur,

244 2968 263 3029 i.
281 2987 305 3030 e.
327 2972 418 3040 arete,
442 2963 494 3030 sed
513 2985 555 3040 ea,
580 2985 655 3051 quae
678 2977 748 3052 post
771 2968 988 3054 generationem
1013 2968 1056 3027 sit
1079 2967 1098 3030 i.
1116 2988 1140 3030 e.
1162 2961 1252 3050 ἀνήρ.
1312 3037 1316 3044 Ι

243 3079 274 3142 in
299 3079 390 3144 altero
404 3082 491 3164 enim
519 3083 717 3166 generationis
739 3103 846 3165 genere
868 3094 994 3168 utraque
1018 3102 1087 3165 pars
1111 3076 1152 3161 (et
1176 3101 1251 3168 aqua

135 3236 138 3241 -
245 3193 274 3260 et
296 3192 358 3277 aar)
381 3197 411 3258 in
435 3208 569 3261 naturam
593 3197 713 3281 alterius
738 3200 829 3284 partis
853 3199 973 3273 transit,
997 3199 1028 3261 in
1045 3197 1138 3260 altero
1155 3209 1251 3262 autam

244 3313 328 3396 prior
357 3311 560 3376 tantummodo
590 3334 659 3399 pars
680 3310 726 3377 'ad
749 3315 943 3399 posteriorem
966 3333 1020 3376 neo
1043 3313 1193 3398 posterior
1210 3311 1251 3412 *ad
1374 3371 1375 3407 η

244 3428 371 3512 priorem
396 3425 500 3491 tendit.
1042 3433 1044 3440 ’
1222 3415 1241 3449 ’

310 3539 388 3606 999ἃ
408 3539 458 3606 33.
484 3539 530 3606 ἔτι
552 3542 581 3606 si
602 3541 652 3607 dee
669 3541 809 3628 μάλιστα
825 3540 890 3606 ἔστι
904 3565 934 3606 τι
949 3538 1039 3628 παρὰ
1053 3536 1088 3606 ed
1106 3541 1250 3618 σύνολον,

244 3654 323 3721 ὅταν
351 3657 557 3748 κατηγορηθῇ
580 3681 612 3720 τι
633 3658 686 3744 τῆς
708 3656 800 3742 ὕλης,
830 3653 981 3743 masena,
1010 3657 1040 3721 ei
1060 3655 1145 3722 ἔστιν
1167 3657 1251 3739 sidric
1279 3732 1282 3738 ¹
1373 3659 1374 3664 ’

244 3795 289 3846 τι,
317 3767 407 3858 παρὰ
436 3773 544 3838 πάντα
573 3772 625 3837 det
650 3775 734 3838 sieut
759 3797 805 3851 τι,
834 3769 968 3859 daupei
991 3778 1051 3857 μὲν
1072 3769 1145 3838 ἔνια
1168 3775 1251 3839 εἶναι

243 3883 333 3972 παρὰ
359 3887 390 3951 d’
403 3884 474 3954 ἔνια
490 3885 549 3976 μη
564 3889 657 3966 εἶναι,
680 3889 701 3976 ἢ
720 3900 798 3976 nup?
810 3883 929 3967 addire
943 3890 983 3970 ¹ei
996 3893 1057 3974 μὲν
1070 3888 1131 3966 orie
1145 3891 1251 3977 μηθέν
