2782 4612
654 355 813 456 222„

230 536 303 622 ipsi,
321 535 367 600 vel
383 555 422 600 ex
433 533 647 600 vetustioribus
664 533 946 600 commentatoribus
963 533 1089 600 afferunt
1105 557 1142 602 ex
1158 535 1244 624 lieris

237 653 331 737 »φεοῦ
346 643 510 729 dressed·
547 651 652 715 Potuit
673 655 749 717 enim
772 652 856 718 libris
878 654 952 735 περὶ
966 646 1101 730 ἀγαθοῦ
1114 649 1153 715 ab
1177 649 1244 716 aliis

229 765 334 830 titulus
362 769 436 850 tropi
458 763 655 849 φιλοσοφίας
676 766 788 832 inditus
813 789 891 842 esse,
923 765 1002 832 unde
1024 777 1122 830 tamen
1146 768 1245 830 nenti·

224 900 317 970 ,φοιιο
334 885 478 967 sequitur,
501 880 594 946 libros
612 885 684 964 περὶ
699 878 834 960 ἀγαθοῦ
848 881 931 947 tibris
946 883 1021 965 περὶ
1034 879 1240 965 φιλοσοφίας,

230 1015 247 1057 a
273 993 334 1060 Cio.
359 1007 389 1059 et
411 994 565 1081 Simplicio
588 995 727 1071 laudatis,
752 995 869 1060 eosdem
893 994 994 1062 fuisse.

296 1109 453 1196 Reliquum
477 1121 537 1186 est,
562 1121 597 1174 ut
612 1111 809 1196 exploremus,
835 1131 910 1197 quos
926 1110 1019 1174 libros
1035 1109 1088 1176 Ar.
1106 1111 1169 1195 ipse
1183 1106 1241 1173 sub

230 1227 347 1288 nomine
367 1228 440 1307 περὶ
461 1223 658 1308 φιλοσοφίας
677 1225 896 1310 significaverit,
926 1224 1027 1312 Atque
1042 1227 1161 1288 incertis
1177 1243 1243 1288 vor·
1276 1310 1280 1317 Ι

229 1337 276 1402 his
306 1337 411 1401 ικατά
433 1337 651 1423 φιλοσοφίαν·
679 1341 805 1415 omissis,
830 1338 891 1403 duo
914 1352 1027 1432 restent
1042 1339 1095 1402 Ar.
1110 1338 1180 1401 loci:
1205 1335 1242 1400 do

221 1458 338 1518 ·an.A.
361 1451 586 1518 ο.11404519
615 1449 733 1535 ὁμοίοις
765 1453 802 1516 δὲ
828 1458 883 1517 καὶ
904 1453 940 1518 dv
962 1462 1029 1528 ιοῒς
1050 1457 1123 1536 περὶ
1144 1450 1242 1537 φιλο-

231 1569 347 1652 σοφίας
374 1565 557 1650 λεγομένοις
586 1568 761 1653 διωρίσθη,
790 1563 868 1634 oded
895 1571 954 1651 μὲν
976 1565 1011 1632 τὰ
1037 1566 1119 1655 ζῷον
1214 1577 1242 1629 et

229 1681 317 1768 phys.
335 1703 415 1747 ausc.
431 1687 472 1744 B.
488 1683 511 1747 ll
529 1681 604 1748 194ἃ
623 1681 664 1748 35
688 1683 785 1763 διχῶς
802 1679 864 1768 γάρ
880 1678 918 1747 od
933 1676 973 1746 οῦ
988 1685 1097 1746 ἓνεκα·
1120 1683 1242 1765 εἴρηται

231 1787 266 1857 d'
287 1793 323 1860 dv
344 1806 411 1870 τοϊς
433 1801 505 1879 περὶ
528 1796 736 1881 φιλοσοφίας.
781 1799 881 1884 Atque
904 1797 956 1861 Ar.
987 1800 1019 1860 in
1046 1799 1146 1881 priore
1175 1795 1241 1858 ioco

229 1909 333 1984 libros,
357 1914 408 1994 qui
432 1924 535 1994 postea
558 1912 614 1974 sub
640 1912 725 1975 titulo
750 1908 971 1995 περὶάγαῦοῦ
993 1908 1171 1983 ferebantur,
1195 1929 1243 1971 re-

230 2027 363 2108 spexisse
386 2023 471 2087 valde
494 2025 650 2112 uerisimile
677 2025 712 2089 fit
741 2047 779 2090 ex
808 2029 860 2101 iis,
892 2046 968 2111 qnae
998 2035 1242 2088 commentatores

231 2160 257 2204 a.
275 2138 304 2201 b.
325 2138 345 2202 l.
370 2161 407 2202 ex
430 2139 513 2202 libris
536 2143 611 2221 περὶ
632 2135 766 2219 ἀγαθοῦ
789 2139 923 2204 afferunt.
971 2137 1121 2204 Certiores
1144 2149 1242 2205 eutem

230 2275 286 2316 nos
309 2253 379 2318 iecit
402 2253 474 2316 alter
492 2253 585 2320 locus.
620 2253 751 2318 Eundem
775 2257 852 2318 enim
876 2255 1092 2318 distinctionem
1116 2252 1242 2316 ducrum

231 2370 393 2453 specierum
416 2367 473 2430 τοῦ
496 2362 535 2432 οῦ
557 2370 651 2432 ἔνεκα
666 2369 719 2432 Ar.
745 2369 865 2454 oblique
887 2369 1035 2454 significat
1057 2366 1185 2451 metaph.
1199 2367 1243 2427 A.

232 2503 255 2545 ο.
269 2481 321 2545 Vll
347 2480 482 2547 1072t2
505 2479 557 2546 ὅτι
579 2476 611 2545 d'
627 2478 692 2545 ἔστι
713 2475 807 2546 oded
827 2485 920 2546 ἕνεκα
943 2481 979 2548 ἓν
993 2491 1060 2558 τοῖς
1074 2477 1243 2563 ἀκινήτως,

231 2588 429 2680 ἧδιαίρεσις
452 2594 554 2678 deplet.
587 2591 653 2659 ἔστι
674 2589 736 2680 γάρ
759 2619 824 2678 τινι,
844 2593 880 2660 ed
905 2590 945 2660 od
968 2597 1063 2660 ἕνεκα
1085 2597 1141 2658 καί
1157 2613 1244 2668 τινος
1294 2665 1300 2673 ,
1384 2609 1385 2618 ’

230 2683 283 2774 ubi
299 2709 494 2774 Pseudoaiex.
518 2732 574 2773 nos
597 2710 634 2773 ad
658 2710 765 2774 librum
788 2707 869 2797 πορῦ
883 2704 1019 2790 ἀγαθοῦ
1041 2710 1165 2795 delegat,
1188 2727 1243 2770 neo

231 2823 366 2890 dubitare
394 2825 476 2900 iicet,
509 2827 580 2910 quin
610 2823 737 2888 eundum
768 2825 874 2890 librum
899 2828 928 2890 iu
952 2825 1019 2888 ioco
1043 2825 1093 2887 iiio
1117 2823 1242 2908 physico

139 2975 140 2982 ι
230 2939 282 3003 Ar.
300 2938 518 3025 significaverit,
544 2960 720 3026 quamquam
745 2951 990 3006 commentatores
1014 2939 1108 3002 libros
1129 2937 1243 3001 ethicos
1384 2905 1385 2933 d

231 3055 337 3140 respici
362 3056 531 3138 opinantur.
1205 3127 1210 3136 ι

298 3169 433 3233 Vidimus
457 3171 548 3253 igitur
562 3169 654 3234 iihros
678 3173 751 3254 περὶ
773 3165 907 3247 ἀγαθοῦ
927 3167 1041 3232 alibris
1057 3169 1130 3250 saepi
1145 3163 1242 3250 φιλο-

231 3286 348 3368 σοφίας
369 3282 503 3347 diversos
526 3283 626 3361 inisse,
651 3285 703 3348 Ar.
720 3298 816 3349 tamen
836 3297 865 3348 et
885 3283 1031 3348 interdum
1051 3283 1177 3346 sormsse
1192 3299 1244 3344 ve·

231 3411 307 3464 teres
335 3410 581 3464 commentatores
611 3397 704 3464 libros
726 3402 801 3483 περὶ
821 3391 956 3477 ἀγαθοῦ
978 3397 1034 3462 sub
1059 3397 1146 3460 titulo
1170 3397 1251 3478 eropi,
1383 3441 1384 3454 ,

4 3499 5 3510 ¹
116 3559 119 3566 ·
231 3511 428 3603 φιλοσοφίας
451 3512 594 3578 laudasse.
635 3513 749 3594 Quodsi
773 3514 848 3577 hanc
872 3516 1020 3599 spinosam
1041 3509 1244 3596 quaestionem

149 3623 161 3644 ‘
234 3631 361 3695 enodare
376 3629 464 3693 nobis
480 3631 614 3716 contigit,
633 3627 764 3692 dolorem
781 3631 869 3692 istum
886 3628 926 3693 ob
943 3628 1140 3712 conjecturam
1160 3622 1245 3686 biau-

233 3743 299 3810 dam
324 3767 360 3809 ex
378 3743 513 3809 manibus
536 3745 646 3808 nostris
669 3756 815 3808 extortam
840 3745 910 3808 satis
934 3724 1156 3826 compensatum
1180 3756 1245 3801 esse
1382 3809 1383 3812 Ἴ

96 3863 99 3868 ’
232 3859 381 3925 ducemus
