2782 4612
666 429 826 446 *-

243 527 340 592 animo
363 524 533 602 habuisset,
557 545 605 592 rer
627 518 847 590 mathematicae
870 534 968 589 autern
992 522 1029 588 eb
1054 521 1158 587 eodem
1179 523 1255 589 sub·

244 644 419 708 stantiarum
450 639 592 729 dignitate
626 645 760 728 privatae
790 617 903 718 essent,
941 661 995 704 nee
1023 637 1185 726 quidquam
1214 637 1256 705 ad

244 757 408 822 doctrinam
444 756 480 822 da
513 760 616 844 primis
650 759 747 822 causis
780 755 952 821 firmandam
986 753 1089 819 afferre
1118 767 1253 841 possent,

244 861 432 960 quaestiones
462 871 498 936 de
526 871 616 937 nehus
644 871 857 936 mathematicis
885 873 983 935 statim
1004 873 1036 933 in
1059 868 1254 958 subsequenti

243 991 338 1074 eapite
369 987 436 1052 libri
458 992 507 1052 M.
530 983 575 1069 (e.
597 983 650 1069 ΙΙΙ)
680 987 805 1051 diremit.
847 985 895 1051 Ex
924 985 1062 1052 omnibus
1090 987 1182 1071 igitur
1205 988 1252 1063 iis,

245 1124 320 1189 queo
343 1101 441 1168 adhue
464 1107 606 1190 exposui,
635 1101 665 1166 id
688 1123 830 1187 apparere
853 1102 986 1166 videtur:
1017 1102 1081 1177 Ar,
1105 1103 1159 1164 etsi
1182 1121 1256 1165 nus·

244 1237 331 1305 quarn
354 1221 479 1304 vestigia
502 1219 636 1283 Platonis
659 1219 690 1279 in
713 1217 790 1280 libro
807 1220 849 1280 A.
872 1216 989 1282 disertis
1012 1216 1111 1281 verbis
1134 1217 1253 1302 pressit,
1373 1229 1374 1248 ¹

244 1331 356 1419 ubique
384 1344 504 1410 tamen,
528 1353 564 1398 ue
587 1331 705 1408 iisdem,
736 1332 845 1419 quihus
868 1333 932 1408 isti,
962 1332 1094 1419 seopulis
1116 1330 1252 1408 illideret,
1373 1369 1374 1384 κ

243 1467 429 1533 summopere
458 1449 545 1514 eavit.
592 1447 637 1512 Eo
666 1445 805 1512 liberiore
832 1461 929 1513 autem
953 1445 1126 1535 disputandi
1150 1446 1255 1510 ordine

245 1563 297 1626 Ar.
322 1564 352 1625 in
375 1561 451 1626 libro
468 1565 511 1626 A.
534 1566 578 1627 nti
600 1565 715 1650 potuit,
744 1566 813 1652 quia
837 1564 944 1650 placita
968 1565 1093 1628 istorum
1115 1565 1147 1625 in
1171 1559 1254 1636 libris

244 1681 346 1741 MN.
370 1677 432 1762 jam
457 1682 536 1741 omni
561 1701 598 1744 ex
621 1693 706 1766 parte
730 1681 959 1743 examinaverat.
1005 1677 1049 1742 Ne
1073 1679 1140 1764 quis
1163 1679 1256 1763 igitur

245 1793 376 1869 miretur,
401 1793 482 1879 quod
499 1793 551 1859 Ar.
575 1797 606 1858 in
629 1795 706 1859 libro
723 1799 937 1880 A.'tamqnam
961 1791 998 1856 de
1022 1795 1138 1878 integro
1161 1791 1255 1856 disse·

243 1927 308 1971 rere
332 1927 419 1970 orsus
442 1911 495 1984 sit,
521 1912 608 1972 imrno
632 1931 704 1973 vero
729 1909 890 1972 admiretur
913 1909 1048 1974 eximiam
1073 1908 1126 1971 Ar.
1150 1917 1253 1984 artem,
1373 1991 1374 1996 ἵ

244 2043 302 2109 qua
321 2020 533 2100 difficultates,
551 2025 660 2111 quihus
676 2037 840 2089 commenta
856 2015 989 2110 priorum
1005 2023 1256 2109 philosophorum
1293 2083 1304 2094 κ
1373 2021 1374 2064 l

243 2135 348 2201 irretiti
372 2126 496 2216 luerint,
520 2141 637 2225 ipsein
661 2163 715 2204 sua
739 2141 874 2204 doctrina
889 2121 1077 2224 'explananda
1094 2137 1253 2202 diremerit.
1294 2190 1296 2196 ,

244 2251 358 2336 Quodsi
383 2254 435 2318 Ar.
465 2257 495 2316 in
523 2257 617 2339 ipsius
641 2254 776 2320 doctrina
800 2253 976 2341 exponenda
1000 2253 1096 2317 ordini
1119 2255 1255 2338 priorum

243 2369 388 2430 librorum
409 2371 509 2430 MN.
533 2373 647 2454 optimo
667 2373 735 2454 jure
758 2391 818 2434 non
843 2382 904 2434 arte
928 2389 959 2432 se
982 2368 1160 2454 applicuisse
1183 2387 1256 2434 eon·
1372 2429 1373 2440 ,

196 2543 197 2552 ,
244 2481 390 2558 redimus,
423 2483 471 2544 eui
499 2483 542 2546 rei
573 2488 671 2570 aptius
701 2484 932 2571 disputationem
962 2483 1117 2548 adnectere
1143 2487 1253 2571 potuit,
1372 2499 1373 2502 ’

245 2619 332 2684 quam
367 2595 600 2661 substantiarum
634 2599 816 2686 generibus?
854 2599 921 2682 Quo
957 2602 1049 2685 magis
1080 2612 1177 2664 autern
1206 2599 1255 2663 hie

246 2710 417 2798 disputandi
442 2711 516 2776 ordo
540 2712 729 2799 probabitur,
754 2717 779 2778 si
804 2713 840 2782 ab
858 2717 910 2779 Ar.
935 2718 1001 2802 ipso
1027 2714 1151 2780 eundern
1168 2725 1255 2778 antea

161 2881 164 2888 ,
245 2827 441 2914 significatum
471 2829 711 2893 esse'doeueroi
746 2830 810 2893 lloe
832 2841 868 2894 ut
889 2830 1030 2916 probem,
1056 2853 1073 2894 a
1096 2831 1255 2896 remotiora
1371 2857 1372 2918 3

222 2943 310 3014 ¹loeo
341 2942 412 3005 mihi
440 2942 641 3028 incipiendum
665 2956 719 3008 est.
765 2935 855 3010 Primi
878 2948 956 3010 enim
979 2945 1047 3010 lihri
1071 2967 1136 3032 eap.
1153 2943 1177 3008 ll
1199 2944 1252 3008 hr.

245 3057 400 3134 docuerat,
420 3061 460 3121 'in
489 3061 584 3144 prima
612 3059 803 3146 philosophia
831 3059 868 3124 de
891 3064 1012 3124 summis
1034 3081 1133 3125 rerum
1157 3061 1254 3124 oensis

245 3173 390 3260 agendum
413 3193 475 3238 esse
500 3171 580 3240 982ι
595 3171 615 3240 9
640 3173 692 3238 dat
705 3169 768 3260 γὰρ
785 3174 904 3260 ταύτην
917 3175 982 3240 τῶν
996 3169 1132 3260 πρώτων
1146 3170 1255 3260 ἀρχῶν

244 3292 299 3352 καὶ
320 3287 432 3351 αἰτιῶν
454 3288 538 3352 εἶναι
561 3289 770 3374 θεωρητικήν.
804 3289 869 3355 lam
886 3293 916 3354 in
935 3291 1019 3356 initio
1035 3291 1103 3356 lihri
1120 3292 1152 3354 Γ.
1175 3289 1253 3354 idern
1370 3343 1371 3384 ἰ

158 3462 160 3466 .
204 3464 207 3469 ,
246 3405 444 3480 demonstrat,
469 3406 579 3490 primas
602 3421 792 3470 eausasnon
815 3405 956 3470 limitibus
980 3407 1052 3471 certi
1075 3407 1186 3471 antium
1202 3425 1254 3490 ge·
1370 3425 1371 3493 ᾗ

244 3523 322 3586 neris
350 3519 478 3583 inclusas
502 3541 585 3597 esso,
611 3521 664 3586 sed
687 3520 724 3585 ad
749 3523 847 3586 omnia
870 3525 963 3600 entia,
993 3543 1053 3609 qua
1075 3524 1169 3598 entia,
1201 3543 1254 3607 pa·

244 3637 318 3699 riter
339 3631 442 3699 relerri
465 3633 587 3713 debere3
612 3637 669 3722 ipsi
694 3637 785 3723 igitur
798 3639 908 3723 primas
924 3611 1029 3702 sauses
1044 3631 1170 3714 anuum,
1194 3633 1254 3723 qua

245 3751 337 3826 entia,
368 3750 575 3836 investiganda
605 3770 669 3815 esse
701 3750 753 3814 del>
781 3755 836 3816 aei
863 3748 940 3836 sipla
967 3756 1025 3818 eali
1052 3747 1147 3826 ὄντος
1174 3745 1254 3840 dir

244 3859 303 3942 τᾶς
325 3860 455 3964 merdepas
476 3865 582 3941 otetur
603 3864 743 3958 ληπτέον
760 3865 860 3932 tonas
877 3865 928 3933 31.
948 3867 1024 3934 ¹Sed
1043 3889 1109 3933 eum
1124 3867 1254 3952 reliquae
