2784 4606
157 519 266 595 dunt,
301 518 354 608 sed
384 541 422 584 ex
450 519 512 584 sola
543 519 684 583 lemmatis
711 517 770 584 fide
801 517 941 604 explicari
970 515 1186 604 potest.‚1Scd

108 656 110 662 ·
181 655 245 700 eum
275 635 350 702 hanc
377 655 437 700 rem
461 633 655 721 negligentiae
678 635 734 698 viri
759 634 972 721 diligentissimi
996 633 1186 698 et-tutissimi

180 750 310 816 uibuere
340 771 401 813 non
430 749 568 827 audeam,
600 751 699 814 neseio
724 771 761 814 an
785 738 825 814 ex
847 770 945 814 errore
969 747 1097 835 quodam
1121 759 1186 814 orte

180 869 227 932 sit.
275 865 413 930 Fortasse
442 868 517 930 enim
541 865 695 928 Bonitaius
726 865 788 928 sola
817 886 851 929 ea
879 859 1027 939 lemmata,
1058 883 1133 948 quae
1156 864 1186 924 io

181 978 278 1046 fronte
312 980 457 1066 cujusque
486 965 774 1044 commentariorum
795 979 956 1064 particulae
990 981 1087 1064 posite
1117 979 1186 1053 siut,

181 1094 218 1160 ab
244 1095 338 1160 aliena
361 1116 450 1160 manu
475 1095 588 1172 addita,
614 1115 688 1180 quae
705 1107 801 1159 autem
819 1097 848 1164 in
865 1094 961 1159 medio
978 1095 1186 1158 commentario

181 1211 332 1294 interjecta
355 1212 427 1286 sint,
453 1210 490 1276 ab
507 1209 678 1274 Alexandro
702 1211 777 1303 ipso⁸
792 1208 925 1295 prolecta
941 1231 1006 1274 esse
1020 1211 1187 1293 suspicatus

182 1337 236 1390 est.
269 1323 343 1390 Mihi
358 1337 472 1400 eutem,
498 1325 658 1390 Alexandri
675 1308 900 1390 commentarios
917 1327 1055 1389 acerrime
1071 1325 1187 1398 rimato,

180 1442 329 1524 persuasi,
364 1439 506 1504 lemmatis
540 1438 571 1502 id
606 1461 698 1526 genus
734 1461 792 1506 non
824 1443 919 1505 minus
950 1461 1037 1526 quarn
1068 1437 1189 1522 reliquis

184 1575 298 1619 omnem
317 1553 403 1622 iidem
421 1553 619 1639 derogandam
637 1575 710 1620 csse.
746 1553 797 1620 Sic
811 1555 898 1620 Alex.
916 1552 968 1630 34,
987 1551 1028 1618 29
1052 1551 1189 1639 praebet:

183 1668 341 1754 γράφεται
354 1666 391 1734 ἔν
404 1684 486 1732 τισιν
501 1664 572 1732 ἀντὶ
587 1667 644 1732 τού
660 1665 888 1753 μαλακώτερον
911 1666 1189 1752 »poenarumque«.

183 1783 244 1852 Sed
273 1806 332 1848 non
361 1781 590 1867 μαλακώτερον
612 1783 664 1847 scd
686 1781 912 1868 μοναχιύεερον
935 1783 1136 1848 Alexandrum
1159 1783 1189 1865 in

183 1910 269 1964 textu
290 1899 430 1964 babuisse
454 1903 563 1984 optime
585 1899 926 1983 perspexitBrandisius
943 1897 1190 1986 exsequentibus

171 2014 283 2092 ‚verbis
318 2013 369 2076 »ei
396 2011 432 2077 δὲ
459 2011 688 2097 μαλακώτερον
717 2013 820 2078 εἰπεῖν
846 2012 1009 2094 ἐβούλετο,
1037 2009 1191 2098 ἐχρήσατ’

185 2129 227 2192 ἄν
255 2121 463 2212 τῷύνόματι
491 2123 594 2212 αύεῷγ
631 2127 735 2192 deinde
766 2127 838 2204 125,
862 2127 901 2192 15
931 2129 1054 2214 legimus
1087 2121 1124 2190 τύ
1155 2125 1191 2192 de

191 2239 318 2324 »μεῖζον
341 2242 440 2320 ἰσχύει
460 2241 518 2306 τού
539 2241 723 2322 γιγνώσκειν
746 2247 819 2328 περὶ
834 2238 940 2306 αὐτῶν
957 2238 1013 2304 decl
1028 2237 1065 2304 cd
1084 2238 1184 2315 euna«

80 2363 83 2368 ’
184 2359 255 2421 ἴσον
282 2355 346 2422 ἐστὶ
375 2356 418 2442 τῷ
444 2355 551 2439 μεῖζον
574 2355 673 2436 ἰσχύει
696 2357 763 2442 τῆς·
772 2361 845 2442 περὶ
867 2352 951 2424 oded
974 2353 1133 2440 ύλιγύείας
1154 2350 1192 2420 τὸ

186 2468 279 2545 ἔθος·
308 2467 389 2547 κατὰ
419 2467 486 2554 yde
504 2470 561 2556 τὴν
589 2465 756 2556 ἀλήθειαν
777 2469 796 2556 ἢ
818 2478 943 2551 γνῶσις.
982 2471 1045 2536 Sed
1067 2493 1105 2536 ex
1127 2473 1192 2556 ipsa

185 2589 358 2675 paraphrasi
380 2588 451 2650 satis
476 2587 546 2650 mihi
570 2589 682 2654 elucere
706 2588 837 2663 videtur,
866 2587 1068 2654 Alexandrum
1091 2587 1192 2652 lectio·

185 2723 251 2768 nem
276 2702 342 2768 cod.
360 2700 401 2766 Al
421 2701 559 2768 hahuisse
590 2701 717 2785 »μεῖζον
733 2701 835 2781 ἰσχύει
849 2702 906 2766 τού
920 2698 1106 2781 γιγνώσκειν
1120 2704 1193 2785 περὶ

187 2813 292 2884 αὐτῶν
313 2813 349 2882 ad
372 2814 468 2890 ἔθοςε
492 2818 615 2882 Accedit
638 2820 829 2884 certissimum
855 2816 1062 2885 documentum
1089 2813 1192 2882 lottt

189 2929 239 3009 19,
266 2932 384 3018 dequo
409 2931 477 2996 vide
500 2930 585 2996 inlra.
678 2973 680 2977 ·

253 3047 300 3110 llx
328 3047 393 3111 solo
421 3049 513 3133 igitur
542 3051 750 3112 commentario
780 3049 881 3124 lentio,
912 3068 1000 3135 quam
1024 3045 1194 3112 Alexander

187 3174 305 3228 secutos
338 3163 390 3237 sit,
426 3162 492 3226 elici
524 3161 620 3228 debet.
665 3163 748 3244 Quae
778 3185 844 3228 eum
874 3162 1040 3227 difficillima
1067 3185 1115 3229 res
1144 3165 1192 3238 sit,

165 3277 285 3362 ¹aliqua
316 3289 393 3342 certe
424 3299 461 3342 ex
490 3289 572 3362 parte
602 3278 696 3364 ampla
721 3281 867 3344 variarum
897 3277 1054 3342 lectionum
1084 3289 1194 3363 segete,

188 3414 226 3456 ex
255 3390 407 3459 codicibus
437 3403 638 3467 cantaturum,
667 3392 850 3477 adjuvamur.
891 3392 965 3458 Nam
993 3395 1022 3456 in
1046 3393 1194 3478 plerisque

135 3497 139 3505 ’
188 3505 314 3582 loeisid
341 3508 437 3572 solum
460 3509 522 3571 crui
546 3519 659 3592 potest,
690 3520 788 3573 utrum
812 3506 982 3573 Alexander
1004 3528 1070 3572 cum
1092 3507 1195 3572 lectior·

188 3621 276 3688 nibus
306 3645 324 3686 a
352 3621 505 3689 codicibus
534 3621 651 3687 traditis
679 3626 843 3710 conspiret,
873 3637 903 3688 et
931 3626 958 3690 si
978 3623 1064 3690 lectio
1088 3625 1193 3698 verul,

188 3739 249 3803 utri
276 3737 388 3815 iaxeat3
423 3739 487 3823 ipsa
516 3749 613 3804 autem
643 3738 749 3814 verba,
780 3760 856 3825 quae
883 3740 912 3802 iu
942 3751 1028 3804 textu
1056 3736 1196 3803 habuent

189 3854 283 3938 magis
305 3854 443 3938 augurari
469 3873 555 3939 quam
578 3857 745 3939 perspicere
767 3854 845 3920 licet.
879 3855 929 3920 llla
948 3875 1019 3920 vero
1043 3855 1074 3917 in
1096 3875 1128 3918 re
1150 3855 1195 3917 in-
