2782 4612
510 459 514 469 ,
579 365 739 464 ...⁹L„

152 563 183 616 et
204 549 278 614 ideis
301 559 331 614 et
354 549 534 613 enarraverit
556 559 587 613 et
608 541 827 633 judicarerit¹),
852 548 882 610 in
906 529 1171 612 stellariorum

104 669 108 674 ’
153 643 326 732 eotantum
349 664 473 728 consilio
497 662 534 727 ad
558 663 634 726 hano
657 641 717 726 rem
740 664 881 738 recurrit,
906 674 941 725 ut
963 664 1074 747 primae
1096 660 1164 750 phi·

152 780 306 867 loeophiae
328 777 518 844 loodamcota
535 779 658 862 jaceret.
692 777 793 864 Atque
814 776 853 841 de
876 769 1163 844 mathematicisnua

151 898 239 960 meris
255 907 284 958 et
298 892 552 979 magnitudinibus
567 873 716 957 subtiliter
729 892 782 956 Ar.
796 891 928 978 disputat
940 896 989 956 M.
1005 913 1029 956 c.
1042 892 1067 956 ΙΙ
1078 905 1108 957 et
1117 893 1162 970 ΙΙΙ,

152 1023 183 1074 et
210 995 360 1095 speciatim
390 1007 586 1095 opprobrium
609 1005 771 1093 disciplinis
794 1007 1007 1073 mathematicis
1029 1012 1070 1070 Β.
1093 1029 1118 1072 c.
1140 1007 1164 1073 ll

153 1122 232 1192 996·
249 1120 379 1189 29-35
403 1122 512 1188 lactum
535 1122 650 1208 repellit
672 1126 720 1186 Μ.
736 1143 761 1187 c.
777 1121 813 1186 ΙΙΙ
838 1121 936 1188 1078·
952 1120 1090 1188 31-126
1112 1123 1164 1188 ad-

152 1239 279 1304 mirabili
293 1259 391 1304 rernm
408 1238 678 1304 mathematicorum
694 1241 859 1303 constantie
875 1237 1058 1324 praedicam
1074 1259 1165 1326 quac·
1205 1306 1211 1318 ,

152 1357 278 1420 ationem
301 1354 338 1420 de
361 1355 519 1420 universali
540 1355 756 1440 principiorum
778 1366 885 1420 nature
905 1353 994 1418 solvit
1008 1357 1059 1418 Μ.
1074 1375 1100 1420 c.
1116 1353 1162 1432 X3

152 1473 326 1538 sententiam
341 1469 561 1534 Platonicorum
585 1469 621 1533 de
644 1471 796 1555 principiis
819 1469 966 1547 idearum,
992 1467 1028 1532 de
1051 1471 1163 1535 onitate

154 1586 220 1652 dico
243 1599 273 1650 et
295 1583 482 1650 multitudine
505 1586 567 1648 sive
583 1583 734 1650 indefinita
749 1583 900 1661 dualitate,
922 1583 1045 1650 uberius
1060 1583 1165 1650 relellit

153 1705 193 1766 Ν.
216 1724 241 1766 c.
257 1701 269 1764 l
285 1713 313 1765 ct
328 1700 366 1778 ll;
389 1721 444 1787 per
459 1721 559 1763 omncs
579 1698 705 1786 denique
727 1712 826 1785 partes
842 1698 894 1763 lih.
910 1692 1163 1766 murelunae

154 1815 304 1898 doctrinae
332 1813 463 1902 idearum
493 1814 681 1906 disseminata
710 1827 762 1878 est.
809 1815 852 1879 At
877 1816 982 1901 aliquis
1012 1814 1163 1900 objecerit,

153 1931 268 1996 illarum
291 1931 497 2018 quaestionum
516 1931 577 2014 jam
602 1943 689 1994 antea
711 1931 740 1993 in
756 1928 839 1994 libris
855 1933 891 1994 Ζ.
905 1931 947 1992 Η.
963 1930 1000 1996 ah
1017 1931 1070 1995 Ar.
1087 1932 1163 1994 ratio
1242 1979 1244 1984 ,

154 2045 256 2112 hahita
272 2058 329 2110 est:
352 2027 452 2132 Atque
468 2042 504 2108 de
520 2042 593 2109 ideis
609 2065 678 2110 sane
691 2047 790 2132 agitor
799 2048 837 2106 2.
844 2065 868 2108 c.
878 2044 940 2108 Vlll
958 2043 1057 2110 1033¹=
1071 2043 1113 2110 26
1126 2082 1161 2096 -

154 2159 210 2227 34ἃ
225 2160 256 2238 8,
278 2164 315 2226 Ζ.
327 2182 352 2224 e.
364 2159 444 2235 xlv,
466 2163 503 2222 Z.
516 2181 541 2223 c.
553 2159 613 2224 XV
630 2156 823 2224 maus-t
835 2158 866 2236 4,
882 2163 919 2225 Ζ.
935 2182 960 2225 o.
972 2159 1043 2229 XVl
1060 2157 1165 2226 104οΙ
1242 2201 1245 2206 -

154 2271 350 2352 21-4128,
380 2278 421 2338 Η.
438 2274 513 2340 on
538 2272 637 2340 1047·
654 2271 798 2339 14-20:
840 2273 901 2340 Sed
923 2276 949 2338 si
973 2276 1040 2362 quis
1063 2296 1164 2344 omncs

153 2392 209 2455 hos
231 2391 315 2455 locos
340 2392 505 2454 accuratius
529 2393 707 2477 inspexerit,
739 2392 764 2454 is
787 2388 872 2454 laeile
895 2387 1009 2454 videbit
1032 2390 1083 2456 hr.
1108 2391 1165 2458 illis

84 2591 91 2602 ἱ
153 2507 226 2572 loeis
241 2509 272 2569 in
288 2506 415 2569 transitu
431 2516 545 2569 tautum
562 2504 693 2572 idearum
709 2507 886 2570 mentionem
902 2504 1015 2569 secisse.
1050 2503 1164 2592 Sponte

154 2623 229 2686 enim
252 2641 301 2684 res
323 2622 353 2683 io
376 2619 432 2683 illis
455 2617 538 2684 libris
561 2633 704 2686 macutes
726 2617 869 2685 nonnulle
891 2618 1062 2697 aurierunt,
1086 2618 1165 2686 unde

154 2734 265 2824 aliquid
289 2734 324 2800 dc
348 2733 480 2799 idearum
504 2733 638 2801 doctrina
662 2734 798 2799 concludi
821 2745 937 2819 posset,
967 2723 1029 2798 occ⁸
1043 2738 1165 2821 gravius

121 2923 125 2930 ¹
156 2848 315 2939 quidquam
343 2849 399 2914 illis
428 2850 500 2914 locis
530 2848 719 2914 tribuendum
749 2861 801 2914 est.
849 2847 987 2926 Accedit,
1019 2831 1165 2935 quodde

153 2965 365 3030 mathematicis
388 2967 517 3028 numeris
542 2976 570 3028 et
586 2962 838 3052 magnitudinibus
855 2976 933 3028 certe
949 2962 1022 3027 nihil
1038 2965 1066 3026 io
1082 2965 1165 3052 prio·

153 3080 236 3146 ribus
259 3080 342 3145 libris
366 3078 476 3145 dictum
499 3083 656 3148 invenitur.
704 3077 788 3147 Unde
810 3091 856 3143 sat
881 3077 1028 3166 probatur
1050 3100 1111 3145 noo
1134 3082 1164 3143 io

56 3246 61 3260 .
153 3194 304 3282 prioribus
327 3194 420 3270 libris,
445 3194 497 3261 sed
513 3197 631 3260 nonnisi
647 3197 677 3260 io
693 3196 831 3260 extremis
848 3198 895 3258 M.
905 3197 945 3258 Ν.
961 3191 1000 3258 ad
1016 3197 1165 3281 quaestio·

152 3331 205 3375 nes
221 3309 257 3376 de
272 3310 492 3375 Platonicorum
504 3309 821 3398 Pythagoreorumque
838 3307 973 3375 doctrine
988 3311 1017 3372 io
1033 3308 1111 3374 libro
1123 3313 1166 3374 B.

153 3429 297 3492 excitatas
320 3425 503 3511 responderi.
1060 3431 1069 3438 ‘

219 3541 285 3607 dam
301 3542 356 3607 hos
372 3540 464 3606 libros
479 3542 595 3604 interim
610 3541 714 3604 missos
730 3537 882 3617 faciamus,
898 3552 987 3627 atque
1003 3537 1040 3604 ad
1055 3537 1164 3605 librum

153 3660 197 3724 Λ.
212 3643 445 3744 progrediamur.
479 3657 534 3722 Hic
549 3653 736 3722 difficultates
755 3657 818 3742 jam
836 3669 997 3748 augentur3
1020 3677 1088 3724 uam
1103 3658 1165 3746 pri·
1251 3685 1256 3700 ¹

213 3898 233 3972 ¹)
257 3898 290 3954 cl.
301 3900 411 3958 Braadia
430 3899 461 3958 de
478 3899 550 3974 perd.
562 3901 607 3963 Ae.
624 3899 697 3966 libris
716 3899 748 3958 dc
764 3899 830 3956 ideis
849 3908 875 3960 et
892 3899 924 3956 de
941 3899 1010 3956 hono
1028 3917 1054 3974 p.
1068 3897 1163 3961 Ι-ΙΙ.
