2782 4612
664 355 824 458 *ποο-

238 535 277 622 (ο.
292 539 328 605 111
345 577 379 592 -
393 533 437 620 Χ)
464 559 525 604 non
554 551 621 604 ants
644 539 700 604 hos
723 538 816 604 libros
840 541 888 604 Μ.
901 543 941 602 Ν.
951 541 994 604 A.
1017 541 1161 628 seriptum
1184 557 1263 606 esso·

239 659 431 722 certissimum
456 655 668 746 documentum
689 667 787 720 exstat
810 658 858 718 Μ.
872 655 952 720 eut
978 653 1076 722 1088a
1094 645 1151 721 21':
1175 657 1253 738 περὶ
1313 669 1318 674 ·

239 771 276 835 δὲ
298 771 363 835 sair
383 768 520 854 πρώτων
542 768 651 854 ἇρχῶν
665 773 720 833 καὶ
734 774 801 834 enin
811 765 950 856 πρῶτον
965 770 1077 836 uisitur
1091 774 1148 834 καὶ
1162 785 1254 834 nvos-

237 889 348 967 χείων,
376 885 436 949 ὅσα
465 889 525 969 μὲν
551 885 697 964 λέγουσιν
727 883 758 949 oi
786 889 860 968 περὶ
886 881 987 968 μόνης
1014 885 1070 970 τῆς
1092 886 1254 970 αἰσθητῆς

238 999 349 1077 οὐσίας
373 995 570 1083 διορίζοντες,
594 996 635 1063 τοὶ
658 1003 718 1084 μὲν
740 998 776 1064 ἐν
797 1009 865 1074 τοῖς
887 1004 960 1086 περὶ
976 999 1102 1084 φύσεως
1119 1004 1253 1085 εἴρηται,

238 1111 278 1180 soi
303 1114 334 1179 δ’
351 1112 409 1180 οὐκ
432 1113 498 1178 ἔστι
518 1116 574 1200 τῆς
594 1115 744 1199 μεθόδου
758 1114 812 1200 τῆς
828 1114 895 1179 νῦν.
929 1116 985 1191 At,
1011 1117 1078 1202 quis
1095 1117 1251 1201 objeoerit,

237 1233 269 1296 in
292 1231 368 1296 libro
384 1237 425 1293 B.
448 1244 492 1294 ter
515 1231 562 1295 iila
579 1253 648 1318 pars
664 1231 732 1316 libri
748 1236 791 1294 A.
808 1232 979 1296 nominatim
994 1230 1150 1309 laudatum
1174 1235 1252 1298 situ

238 1348 331 1432 igitur
353 1345 460 1410 librum
480 1351 514 1407 Β
538 1359 605 1411 ants
629 1350 783 1410 MN.A.
813 1348 1010 1432 compositum
1040 1367 1103 1410 esse
1132 1349 1250 1426 statuis,

131 1467 140 1480 '
238 1462 339 1527 eadem
363 1463 506 1525 sententia
530 1461 569 1524 ad
591 1463 762 1532 universum
785 1462 893 1526 librum
907 1467 945 1525 A.
968 1461 1025 1525 tibi
1047 1461 1253 1528 transferenda

181 1655 198 1672 '
239 1589 292 1642 est.
340 1575 400 1640 Sed
430 1576 505 1639 hano
534 1575 736 1641 difficultatem
766 1599 845 1642 nune
870 1576 988 1665 quidem
1011 1598 1142 1663 sepono,
1174 1577 1252 1660 inira

238 1692 387 1778 explicare
410 1686 581 1772 conabor¹).
616 1691 665 1756 Ad
688 1692 795 1757 librum
812 1694 852 1755 Θ.
875 1691 1002 1778 deniquo
1026 1691 1085 1756 duo
1104 1693 1163 1758 inei
1182 1705 1252 1779 apte
1313 1693 1333 1718 “’

238 1808 341 1872 referri
370 1821 511 1894 possunt,
542 1785 615 1871 aiter
638 1810 680 1870 A.
704 1805 783 1870 on
809 1803 906 1871 1072*
922 1806 959 1883 t,
990 1807 1064 1871 alter
1085 1799 1107 1871 l.'
1121 1812 1161 1872 Ν.
1184 1829 1208 1872 ο.
1227 1808 1252 1874 ΙΙ

239 1921 342 1988 10881»
356 1922 408 1988 24.
455 1923 609 1986 Sedeum
637 1923 668 1986 hi
690 1922 748 1985 loci
771 1921 997 2009 alitemquoque
1021 1943 1085 1986 cum
1111 1923 1251 1988 Bonitaio

239 2061 265 2102 a.
282 2037 312 2101 h.
330 2038 348 2101 Ι.
374 2036 506 2124 expediri
529 2041 659 2124 possint,
680 2035 806 2118 ¹dubito,
831 2057 903 2100 num
926 2035 995 2101 hino
1018 2037 1179 2126 quidquam
1202 2060 1253 2103 ar·
1376 2021 1377 2024 Ἴ

238 2157 370 2242 gumenti
393 2157 453 2240 peti
477 2157 581 2240 possit.
621 2154 710 2217 Immo
733 2174 803 2217 vero
827 2153 907 2218 hune
930 2174 1050 2241 quoque
1071 2154 1190 2230 librum,
1214 2167 1253 2218 ut

181 2297 183 2310 ·
239 2274 290 2358 qui
315 2273 475 2336 arctissime
499 2292 565 2335 oum
589 2269 673 2334 libris
694 2271 784 2332 ΖΗ.
808 2289 960 2334 connexus
983 2273 1034 2346 sit,
1062 2282 1132 2356 post
1153 2270 1251 2336 iibrus

238 2389 394 2450 M.N.A.
417 2390 613 2471 compositum
638 2407 701 2448 esse
724 2385 811 2450 dneo.
1015 2365 1023 2381 ⁶

304 2495 431 2566 Restant
446 2504 538 2588 igitur
551 2499 620 2565 libri
635 2503 678 2566 A.
695 2519 721 2566 o'.
737 2502 758 2577 Ι,
775 2501 807 2566 11.
829 2496 995 2590 B.I'.A.¹).
1024 2501 1125 2591 Atque
1139 2501 1251 2567 librum

238 2621 279 2680 B.
295 2637 361 2682 oum
377 2620 425 2680 M.
439 2621 478 2680 Ν.
491 2620 533 2680 A.
550 2619 710 2682 arctissime
731 2617 888 2682 cohaerere
909 2621 1059 2704 tamquam
1075 2617 1251 2686 fundamen·
1375 2657 1376 2676 ο

238 2745 300 2796 tum
325 2745 443 2796 nostras
467 2712 678 2819 disputationis
701 2733 830 2819 probare
853 2731 1031 2798 studuimus.
1072 2733 1138 2818 Quo
1155 2753 1249 2822 porro

237 2849 358 2914 vinculo
382 2849 401 2912 l.
419 2853 462 2912 A.
486 2870 509 2924 c.
527 2848 548 2924 1,
564 2849 588 2912 li
611 2862 640 2912 et
661 2852 694 2911 Γ.
719 2868 783 2912 oum
807 2847 911 2913 iisdem
933 2849 1016 2914 libris
1033 2854 1174 2916 M.N.A.
1197 2871 1251 2914 on·

158 2977 165 2985 ·
237 2963 395 3039 haereant,
420 2965 488 3028 item
512 2958 631 3050 supra⁸)
655 2963 932 3029 demonstravimus.
969 2965 1048 3048 Quid
1070 2967 1163 3053 igitur
1180 2985 1250 3030 sum

107 3061 110 3070 ’
236 3079 322 3168 iibro-
331 3083 371 3143 A.
394 3078 558 3144 iaciamus?
580 3079 681 3168 Atque
704 3083 733 3143 in
757 3080 835 3145 libro
851 3084 894 3146 A.
919 3079 1173 3148 10721210-13.
1192 3080 1247 3148 Ar.

239 3237 453 3250 μ--οκ-ο-ι-ω-ι-η

178 3334 183 3351 ⁸
285 3313 316 3401 ᾗ)
340 3315 413 3370 Unus
436 3313 809 3381 tomara.e.1x‚1086b2
832 3317 903 3372 sorite
927 3315 1058 3393 δ’ὥοοορ
1079 3317 1247 3389 unussp-

237 3419 356 3486 προοθεν
377 3415 499 3485 ἐλέγομεν
521 3431 574 3466 non
598 3414 629 3466 sd
646 3421 678 3468 A.
698 3432 718 3469 e.
732 3415 783 3480 VI,
808 3415 852 3470 ssd
877 3414 910 3468 ad
933 3432 985 3486 esp.
1000 3415 1037 3470 1v
1055 3414 1169 3486 eiusdem
1188 3414 1248 3470 libri

238 3511 329 3568 referri
348 3511 435 3578 debet3
454 3511 512 3566 vide
530 3511 623 3566 Bonita
643 3530 664 3566 a.
678 3513 703 3565 h.
715 3512 733 3565 l.

296 3612 316 3678 ⁸)
340 3609 445 3662 Librum
459 3629 484 3662 α.
505 3612 570 3664 onim
589 3627 620 3663 ex
638 3592 909 3683 metap'hysieislibris
924 3610 1107 3666 removendum
1120 3627 1176 3666 esse
1190 3627 1247 3664 cum

238 3709 301 3762 viris
327 3707 482 3762 doetissimIs
504 3709 651 3776 eonsentio;
670 3709 708 3764 ·de
719 3707 791 3764 -libro
804 3713 840 3764 Κ.
860 3715 944 3764 sutem
962 3709 1029 3764 inira
1046 3724 1127 3766 msam
1145 3717 1247 3782 οοιιιοο-ι
1373 3721 1374 3782 ζ

173 3833 177 3838 ·
229 3803 300 3858 'tiam
318 3822 465 3876 proponam.
521 3777 526 3792 ¹
1373 3783 1374 3802 ¹

295 3902 316 3971 ⁸)
340 3901 372 3955 ei.
390 3919 416 3972 p.
428 3900 464 3956 98
482 3909 507 3955 st
525 3899 570 3956 99.
