2782 4612
639 369 681 431 (ib

160 544 190 606 in
227 563 280 606 sua
308 541 479 629 apographa
509 544 706 627 conjecerunt.
761 541 867 606 Exarsi
897 561 967 608 vero
996 543 1095 608 studio
1123 548 1166 610 rei

97 712 102 718 .
161 657 198 722 ad
222 655 351 721 lucidum
375 657 595 743 perducendae,
626 679 691 720 cum
722 658 929 745 intelligerem,
954 659 1077 724 multum
1104 658 1166 724 sru-

161 785 224 836 ctns
254 773 323 836 binc
350 771 387 836 ad
417 776 603 859 quaestiones
634 771 669 836 de
698 775 771 838 serie
801 774 905 838 borum
930 773 1072 840 librorum
1097 774 1166 838 diri-

159 886 280 952 mendas
313 868 545 958 redundaturum
581 909 672 952 esses
699 887 760 952 Sed
795 910 860 953 eum
889 888 1037 953 subtilitas
1065 891 1165 954 critica

160 1003 250 1087 hujus
281 1005 383 1067 aetatis
413 1025 520 1067 meram
554 1002 701 1066 fictionem
723 999 845 1066 ‘summo
876 1006 939 1068 iure
966 1003 1050 1068 nihili
1079 1007 1166 1068 aesti-

161 1129 232 1193 met,
273 1120 336 1204 ipse
369 1119 502 1205 singulos
537 1117 618 1182 locos
653 1103 854 1202 perscrutatus
892 1118 1025 1182 subsidia
1065 1121 1165 1184 critica

161 1253 279 1319 quoque
309 1235 417 1317 passim
441 1233 510 1297 buio
534 1234 575 1296 rei
599 1253 769 1298 succurrere
793 1233 932 1298 intellexi.
967 1233 1101 1321 Namque
1125 1235 1166 1300 la·

160 1367 250 1428 cunas
273 1347 336 1411 illas
360 1347 426 1412 cod.
445 1347 486 1411 Al
501 1360 530 1412 et
544 1347 630 1413 Alex.
656 1369 824 1412 communes
848 1348 903 1411 bac
922 1351 1037 1413 ratione
1055 1352 1164 1435 optime

113 1453 120 1459 ”
160 1462 301 1548 explicari
323 1484 412 1547 supra
432 1463 493 1546 jum
517 1463 753 1548 significavimus.
791 1463 945 1528 Accedunt
968 1463 1016 1526 alii
1039 1464 1110 1542 loci,
1134 1467 1165 1528 in
1185 1458 1197 1508 ἶ

160 1575 268 1662 quibus
297 1578 387 1641 altera
416 1577 502 1641 codd.
525 1563 631 1640 familia
656 1577 745 1641 verba
776 1590 805 1641 et
827 1581 856 1640 in
881 1581 1010 1664 margine
1033 1593 1164 1644 correcta

160 1701 190 1754 et
211 1690 466 1768 delenda‚-altcra
489 1705 619 1756 correcta
643 1703 756 1781 tantum
781 1693 909 1757 exhibet.
948 1693 1034 1758 Nune
1057 1707 1163 1770 autern,

133 1808 248 1874 misso
279 1808 358 1870 omni
388 1809 475 1870 animi
492 1806 635 1883 laevore,
655 1811 791 1894 ,primum
821 1811 1038 1884 examinemus,
1065 1811 1165 1895 siqui

158 1920 216 1984 loci
239 1924 469 2007 transpositione
493 1925 590 1986 sanari
614 1925 738 2006 possint,
763 1922 877 1999 deiude,
902 1925 926 1986 si
951 1945 1010 2010 quo
1027 1922 1093 1988 loco
1110 1923 1169 1988 dua

158 2036 228 2121 plex
251 2039 382 2102 recensio
407 2039 479 2112 sive,
502 2050 537 2101 ut
559 2040 724 2102 accuratius
748 2036 851 2112 dicam,
877 2049 906 2102 et
921 2038 1011 2102 verba
1036 2041 1064 2102 iu
1088 2061 1165 2103 mar-

158 2153 225 2235 gine
255 2151 367 2236 adjecta
398 2164 427 2216 et
450 2151 537 2216 verbe
568 2155 598 2216 in
621 2153 717 2239 primo
747 2165 833 2218 textu
861 2155 958 2237 posita
983 2166 1097 2219 exstare
1121 2157 1164 2219 vi·

159 2263 292 2331 deantur.

493 2607 829 2704 Transpose'te'ones.

227 2840 326 2905 1011·
339 2841 369 2906 3.
394 2843 466 2938 Elui
489 2843 525 2908 δέ
546 2866 644 2920 τινες,
671 2848 706 2908 el
724 2841 881 2928 elampodus
903 2849 957 2908 καὶ
972 2860 1028 2898 --a
1045 2845 1085 2925 16
1109 2846 1162 2910 λέ-

158 2977 277 3035 γοντες.
310 2957 436 3022 Multum
462 2959 596 3045 equidem
620 2959 666 3022 bis
683 2960 780 3024 verbis
799 2963 929 3046 agitatus
953 2961 1068 3037 dubito,
1093 2984 1162 3026 uum

158 3069 307 3156 probabili
337 3072 425 3136 modo
456 3075 596 3160 explicari
628 3076 752 3159 possint.
798 3076 828 3138 ln
856 3076 940 3140 initio
971 3079 1045 3140 enim
1073 3077 1185 3162 hujus,

157 3189 261 3272 capitis
289 3187 411 3273 legimus
442 3203 472 3254 et
499 3189 537 3252 ab
567 3189 736 3253 homiuibus
761 3190 962 3275 sophistarum
986 3190 1089 3256 fraude
1113 3192 1162 3256 de-

156 3303 249 3386 ceptis
271 3315 299 3366 et
328 3325 345 3367 a
368 3304 509 3389 sophistis
533 3303 683 3368 dicacibus
707 3308 778 3390 ipsis
801 3301 886 3382 (cciv
906 3306 1007 3371 τοῦτο
1031 3323 1161 3372 πεπεισ-

154 3417 261 3498 μένων
288 3421 343 3480 καὶ
370 3418 434 3484 cciv
461 3414 537 3492 τοὺς
565 3416 680 3498 λόγους
706 3417 836 3493 τούτους
865 3416 968 3502 μόνον
990 3421 1161 3504 λεγόντων)

157 3533 266 3617 quaeri,
292 3536 424 3620 quisnam
447 3556 550 3598 sanum
575 3547 603 3598 ct
626 3548 777 3620 aegrotum
803 3535 973 3622 distinguat.
1011 3537 1076 3600 lam
1100 3557 1159 3622 quo

155 3647 244 3752 mpdo
268 3662 372 3735 postea
396 3643 483 3714 οὗτοι
505 3653 564 3733 μὲν
586 3645 628 3730 (ν.
649 3647 702 3730 13)
726 3653 766 3714 ite
790 3650 825 3714 ad
850 3651 958 3716 alteros
975 3652 1075 3735 relerri
1090 3673 1161 3738 pos·

155 3765 224 3839 sint,
248 3775 282 3828 ut
305 3766 403 3830 alteris
427 3778 625 3852 opponantur,
651 3765 785 3852 equidem
807 3787 991 3854 concoquere
1016 3789 1074 3831 nou
1090 3789 1160 3853 pos·

155 3899 236 3944 sum:
275 3891 386 3946 tentam
425 3881 591 3946 socordiam
626 3903 662 3946 ne
695 3881 766 3946 mihi
800 3882 917 3969 quidem
952 3883 1158 3959 condonarem,

928 3992 947 4050 5
