2782 4612
653 344 813 440 „⁸1-

228 529 295 596 ιοῐς
316 521 376 604 μὲν
399 513 451 600 (so.
471 518 680 604 δηλουμένοις
693 513 723 600 ¹),
749 519 830 606 quod
848 518 932 586 laeila
949 523 1138 608 exsequenti
1155 520 1237 608 λόγῳ

229 632 427 717 subauditur)
455 633 581 700 ἐνέσται
602 633 620 700 ὁ
642 631 883 700 suiv-sosoriano
905 638 1012 723 μορῶν
1034 631 1144 715 λόγος,
1174 645 1238 712 eote

115 797 118 803 -
229 749 261 816 δ’
284 748 322 816 oei
359 751 411 815 δεῖ
440 749 569 816 tvesvas.
620 752 684 816 Hoe
714 753 739 814 si
768 753 835 839 quis
864 753 960 818 minus
990 750 1179 838 probaverit,
1214 754 1237 816 is

229 869 460 955 transpositione
489 867 566 932 laeta
596 867 688 953 legat:
725 865 838 948 διόπερ
867 859 943 930 οὐδ’
963 865 999 931 ἓν
1026 875 1094 942 eote
1121 865 1236 946 λόγοις,

228 979 271 1046 όν
292 977 335 1066 μη
360 979 380 1072 ᾖ
402 982 460 1046 τοῦ
484 980 742 1066 συνειλημμένου.
787 981 852 1046 τόν
873 985 933 1064 μὲν
955 977 1099 1046 oriem...

298 1095 397 1162 toti·
422 1097 472 1163 13.
516 1096 597 1162 uiues
625 1095 645 1182 ἢ
673 1095 733 1182 ὕλη
752 1093 857 1176 ’ἔσοαη
880 1096 967 1159 aleia
995 1088 1016 1180 'l
1044 1094 1236 1180 ἐνδεχομένη

227 1207 317 1298 stapel
352 1207 388 1275 sel
425 1210 467 1286 ὡς
501 1211 553 1276 lul
586 1207 622 1278 τό
658 1208 741 1276 πολι)
777 1210 883 1286 ἄλλοις
910 1211 968 1274 τοῦ
995 1211 1237 1296 συμβεβηκότος.

227 1327 306 1392 Haeo
330 1325 419 1392 verba
449 1349 514 1392 eum
544 1330 595 1403 iis,
626 1349 703 1414 quae
731 1330 762 1416 iu
791 1349 855 1414 sap.
878 1326 914 1390 lll
942 1338 1074 1408 extremo
1098 1327 1237 1413 leguntur
1310 1371 1313 1376 ·

230 1440 331 1508 totta
347 1441 389 1507 tt
414 1438 508 1507 »ἀλλ’
525 1443 570 1517 οἶς
585 1437 690 1528 α’ρχῇο
706 1446 805 1507 ποίοιν
818 1447 872 1506 sat
891 1445 997 1507 αἴτιον
1010 1449 1107 1506 ποῖον
1121 1438 1140 1526 ἢ
1155 1437 1237 1506 ἀνα*

227 1553 313 1642 γωνι)
342 1554 362 1642 ἢ
390 1558 535 1642 τοιαύτη,
563 1553 701 1645 πότερον
727 1551 771 1637 ὥς
793 1557 837 1632 εἷς
858 1555 941 1642 όλην
962 1559 983 1642 η“
1006 1555 1048 1631 ὣς
1071 1557 1116 1632 εἰς
1138 1551 1174 1620 τό
1197 1548 1237 1623 otl

215 1675 321 1740 ,ἕνεκα
343 1669 422 1757 ἢὼς
442 1673 489 1747 εἰς
505 1669 540 1736 τὰ
557 1673 698 1757 κινῆσαν,
715 1667 862 1756 μάλιστα
877 1675 1050 1737 σκεπτέον*
1072 1693 1237 1758 repugnare

229 1789 357 1854 Bonitaii
381 1765 636 1874 acumen'optirna
660 1784 852 1875 perspexit').
886 1788 965 1852 Idem
982 1790 1028 1851 vir
1049 1786 1237 1853 doctissimus

177 1931 186 1948 ·
229 1902 371 1991 quasdam
396 1905 583 1989 quaestiones
613 1901 650 1968 de
679 1906 776 1968 causis
806 1902 994 1971 lortuitarum
1024 1923 1121 1970 renam
1145 1904 1238 1966 movit

227 2039 288 2084 uon
312 2016 430 2104 quidem
454 2018 650 2106 spernendas,
676 2040 750 2105 quas
766 2031 862 2084 tameo
879 1999 1006 2105 probare
1022 2039 1148 2106 nequeo.
1182 2018 1238 2083 At·

228 2155 300 2220 que,
324 2145 398 2198 uta
422 2137 518 2219 eapite
541 2127 582 2199 r'e'i
606 2113 808 2221 auspicemur,
837 2136 976 2200 extremis
999 2134 1115 2220 capili
1138 2133 1237 2198 verbis

139 2311 143 2318 ,
227 2251 281 2314 Aa.
306 2248 391 2314 dicit:
416 2249 566 2336 quodum
591 2250 628 2316 ad
652 2271 807 2316 causarum
831 2271 924 2336 genus
947 2249 995 2314 illa
1019 2252 1108 2313 series
1131 2248 1238 2316 lortui·
1269 2243 1276 2253 '

227 2377 324 2429 tarum
348 2385 503 2428 causarum
527 2364 696 2430 reducenda
715 2369 771 2443 sit,
797 2368 922 2430 maxime
942 2387 1005 2430 esse
1020 2363 1236 2451 quaerendum

226 2482 257 2543 iu
281 2481 381 2565 priora
404 2482 479 2543 enirn
502 2482 609 2566 eapitis
632 2494 717 2568 parto
735 2482 788 2547 Ar.
813 2494 1007 2568 exposuerat,
1032 2479 1184 2568 quomodo
1207 2482 1236 2543 iu

227 2593 317 2660 rebus
340 2594 471 2660 fortuitis
495 2596 533 2659 ab
550 2596 606 2660 alia
627 2619 715 2660 eausa
731 2599 759 2661 in
777 2598 861 2660 aliam
877 2595 1117 2682 propellerentur,
1141 2593 1237 2659 donee

227 2707 266 2774 ael
283 2731 375 2787 eam,
411 2711 496 2795 eujus
525 2711 604 2775 nulla
635 2733 723 2777 eausa
751 2714 977 2800 praecessisset,
1006 2714 1236 2796 perveniremus.

230 2825 372 2909 Quamvis
401 2817 493 2911 igitur
521 2839 681 2892 extremam
712 2848 829 2892 oausam
859 2828 931 2894 nulli
961 2847 1115 2892 causamn
1139 2827 1237 2913 generi

228 2961 282 3027 per
297 2963 329 3006 se
348 2940 499 3006 inhaerere
516 2940 655 3007 Bonitzio
672 2943 841 3029 largiamur,
858 2945 887 3006 iu
904 2955 1014 3009 eertum
1031 2954 1127 3007 tameo
1143 2951 1236 3028 genus

227 3054 331 3122 reterri
355 3054 451 3121 debet.
488 3057 602 3122 Etenim
622 3042 721 3124 utrum
739 3079 815 3146 quae
838 3079 927 3123 sarisa
951 3058 987 3122 ad
1011 3059 1175 3132 materiam,
1200 3075 1237 3119 an

228 3171 265 3240 ed
294 3171 432 3248 lormam,
462 3195 498 3237 an
529 3173 708 3238 admotum
738 3173 882 3238 trahenda
911 3176 962 3250 sit,
993 3195 1120 3238 non-ex
1148 3191 1237 3236 eausa

226 3287 431 3374 praecedenti,
456 3287 508 3352 sed
533 3310 570 3354 ex
593 3311 624 3354 re
648 3289 749 3354 effecta
773 3282 972 3375 dijudicatur}
998 3289 1116 3354 effectae
1139 3299 1237 3351 auteur

227 3407 269 3468 rei
304 3392 401 3468 losum
430 3403 478 3468 hio
508 3416 588 3470 tenet
616 3406 739 3472 alterum
769 3405 930 3471 membrum
958 3407 1043 3470 seriei
1073 3421 1236 3469 causarum.

286 3585 305 3653 ι)
329 3582 360 3637 cr.
382 3582 515 3639 roaorro.

285 3679 305 3749 ')
328 3679 397 3734 llaec
420 3683 587 3754 repugnantia
610 3651 637 3737 in
659 3683 725 3738 libro
743 3691 779 3738 K.
799 3681 895 3740 evm
920 3685 1012 3739 evitata
1031 3690 1084 3749 est;
1108 3683 1153 3736 sed
1172 3650 1251 3759 quo-l

226 3777 304 3832 modo
324 3777 475 3833 Brendislus
495 3779 573 3846 (Berl.
586 3781 667 3834 Alani.
680 3779 715 3834 at
733 3799 757 3851 p.
773 3779 818 3848 71)
837 3783 900 3836 hano
918 3783 1070 3856 ipsam-rens
1088 3779 1154 3834 libro
1167 3787 1193 3834 Ε
1210 3782 1235 3832 in

226 3876 348 3934 virtutem
366 3883 464 3931 vertere
483 3877 609 3947 potuerit,
627 3877 656 3932 id
673 3895 734 3933 sane
750 3879 852 3934 mirum.
872 3953 877 3978 ἱ
