2782 4612
586 353 747 459 Q—

163 536 256 603 libros
267 538 354 602 Ζ.Η.
369 537 553 622 conscriptos
570 556 642 612 esse,
660 538 708 600 cui
723 537 764 600 rei
781 555 919 623 magnum
934 534 1074 622 ponderis
1091 535 1173 604 addit

165 645 325 718 consensus
348 649 495 717 Brundisii
519 645 747 738 Bonitziiqne¹).
787 648 848 716 Sed
877 637 938 718 non
967 654 1079 718 minora
1103 655 1172 738 juro

164 768 285 834 eandem
312 771 456 832 rationem
486 765 524 831 ad
549 766 656 831 librum
687 769 714 830 1.
745 763 964 832 transieramus.
1012 767 1064 832 Ar.
1096 771 1172 834 enisa

162 889 202 950 N.
225 886 278 950 c.l
304 879 546 948 10871230-33
572 881 725 946 contendit
746 880 845 958 abiis,
870 885 921 968 qui
939 883 1082 947 unitatem
1098 885 1173 950 mul·

163 999 282 1065 titudini
312 1010 480 1085 opponant,
511 1000 652 1062 unitatem
680 1000 858 1084 paucitatem
882 989 1079 1082 (ὀλιγότητα)
1109 1019 1172 1065 esse

164 1114 283 1180 concedi
312 1112 428 1179 debere.
475 1113 517 1177 At
544 1112 620 1176 idem
645 1112 697 1177 Ar.
722 1134 776 1199 per
797 1123 893 1178 totum
916 1111 983 1177 libri
999 1117 1026 1178 1.
1050 1135 1114 1200 cap.
1133 1115 1173 1180 Vl

163 1230 311 1296 subtiliter
334 1229 489 1305 docuerat,
519 1228 669 1315 quomodo
693 1227 767 1294 baec
790 1229 941 1293 conclusio
965 1241 1044 1294 reete
1067 1231 1172 1296 evitari

163 1359 273 1433 posset.
320 1343 373 1410 Sin
396 1346 463 1431 quis
492 1357 590 1410 autem
613 1343 688 1408 hane
718 1335 779 1409 nem
804 1347 835 1408 in
858 1344 935 1410 libro
958 1349 997 1410 N.
1021 1325 1188 1412 diatonicos

163 1460 200 1526 ad
223 1462 332 1548 placita
354 1445 590 1524 adversariorum
613 1455 816 1546 impugnanda
839 1461 1018 1546 disputatum
1042 1444 1105 1528 essd
1128 1459 1172 1525 di·

162 1579 255 1657 serit,
281 1579 334 1640 vix
357 1597 472 1640 ornnem
496 1575 700 1640 difficultatem
714 1575 805 1640 tollet.
840 1576 954 1640 Etenim
971 1575 1023 1640 Ar.
1042 1578 1071 1640 in
1088 1575 1171 1642 libris
1211 1589 1213 1596 '

163 1696 256 1756 MN.
271 1713 330 1755 nou
354 1690 521 1770 dialectice,
545 1703 580 1755 ut
601 1694 630 1754 in
646 1691 723 1755 libro
739 1695 788 1765 B,
815 1690 850 1756 do
866 1690 1019 1756 Platonica
1036 1689 1171 1756 doctrina

162 1799 371 1884 disserit‚'sed
394 1807 467 1894 qnid
489 1810 529 1872 sit
543 1827 645 1870 vorum
669 1809 732 1870 sine
755 1787 939 1872 bllo⁸stndio
965 1827 1067 1872 eruere
1082 1829 1171 1872 eona·

129 1941 134 1950 ·
163 1935 220 1987 tue.
268 1921 381 2005 Quodsi
408 1922 494 2018 ¹illam
523 1925 779 1987 ratiocinationem
808 1921 883 1986 salso
913 1924 1078 1988 institutam
1108 1945 1171 1988 esse

162 2041 192 2102 io
215 2038 291 2102 libro
307 2042 334 2100 1.
352 2039 414 2123 jam
438 2041 640 2124 exposuisset,
664 2040 717 2101 vix
735 2037 788 2102 Ar.
812 2059 890 2102 nunc
915 2039 991 2103 banc
1014 2038 1171 2104 difficulta-

162 2166 219 2219 tem
243 2155 402 2219 Platonicis
424 2153 535 2240 perfide
558 2152 726 2239 objecisset.
774 2153 913 2232 Accedit,
944 2152 1026 2242 quod
1049 2127 1171 2222 omnino

163 2291 215 2335 neo
238 2271 269 2332 in
292 2271 310 2334 l.
327 2275 367 2336 N.
390 2271 443 2334 o.l
467 2269 614 2334 uberioris
634 2269 674 2334 'de
698 2272 818 2336 unitatis
842 2269 1011 2336 rationibus
1026 2283 1170 2353 tractatus

102 2367 106 2375 ¹
162 2387 180 2452 l.
197 2390 223 2450 1.
248 2385 301 2450 e.'l
324 2385 411 2460 sill,
443 2406 497 2450 uec
527 2387 557 2450 in
581 2389 623 2448 A.
645 2407 670 2450 c.
687 2385 711 2450 ll
740 2385 932 2453 accuratioris
961 2388 1171 2473 disputationis

163 2501 198 2566 de
222 2513 326 2565 natura
350 2504 566 2567 contrarietatis
589 2502 608 2565 l.
626 2505 652 2564 Ι.
675 2524 701 2566 e.
717 2502 758 2566 lV
781 2503 840 2566 nlla
863 2505 939 2566 ratio
963 2487 1065 2568 habita
1088 2499 1170 2586 est').

162 2617 241 2705 Ergo
265 2638 301 2711 nc
323 2617 403 2680 buno
427 2617 545 2703 quidem
568 2617 677 2684 librum
693 2630 760 2682 anta
775 2617 869 2682 libros
882 2622 1026 2682 Μ.Ν.Λ.
1043 2621 1172 2684 conseri·

162 2745 245 2819 ptnm
275 2753 337 2797 esse
361 2733 429 2816 juro
458 2733 594 2820 colligere
623 2733 711 2798 nobis
735 2733 879 2799 videmur.
925 2733 990 2798 dam
1014 2733 1052 2798 ad
1074 2736 1170 2822 irnpli·

163 2851 301 2912 sationem
330 2849 593 2934 quaestionando
621 2848 697 2915 libro
717 2855 760 2914 A.
788 2847 1023 2937 progrediamur.
1070 2851 1170 2940 Atque

161 2964 208 3029 bic
233 2962 350 3051 quidem
374 2964 422 3028 vel
444 2966 570 3030 maxime
593 2965 730 3042 offendit,
756 2965 837 3052 quod
861 2965 879 3028 l.
897 2971 945 3030 M.
970 2989 1011 3032 ec.
1028 2966 1069 3031 tv
1092 2966 1172 3032 et·V

162 3080 263 3144 iisdem
294 3078 354 3145 iere
377 3080 478 3144 verbis
507 3084 538 3143 in
566 3081 584 3144 l.
605 3087 647 3145 A.
672 3081 753 3146 clx
782 3082 922 3168 leguntur
933 3074 966 3164 ⁸).
1014 3079 1075 3146 Sed
1105 3104 1170 3148 cum

162 3195 214 3259 ΛΓ.
238 3198 269 3258 in
293 3194 395 3260 endem
418 3195 494 3261 libro
511 3201 564 3273 M,
588 3200 613 3260 si
637 3196 709 3284 quid
733 3199 763 3260 in
779 3197 856 3263 libro
872 3201 913 3274 Β.
926 3197 988 3282 jam
1009 3197 1169 3264 indicatum
1265 3195 1272 3204 ’

162 3313 207 3376 vel
236 3311 415 3377 declaratum
443 3313 496 3388 sit,
527 3313 664 3400 religiose
694 3325 792 3390 notet,
822 3334 883 3377 nou
912 3312 1085 3379 crediderim
1115 3316 1169 3380 Ar.

160 3428 216 3528 bos
244 3426 338 3492 libros
368 3449 432 3491 enm
457 3427 506 3492 illa
529 3441 613 3516 parte
636 3428 705 3493 libri
728 3434 771 3492 A.
793 3432 890 3516 primo
914 3431 1093 3516 conjungere
1118 3453 1170 3495 ro-

161 3544 258 3609 lnisse.
280 3541 353 3608 ¹Sed
377 3565 492 3608 omnem
509 3554 666 3610 tractatum
685 3543 752 3609 libri
764 3550 807 3608 A.
821 3543 856 3609 de
873 3556 1001 3632 quatuor
1016 3547 1170 3636 ppineipiis

164 3657 371 3667 ——.-.--—

220 3710 240 3777 ¹)
263 3707 372 3762 Brendis
390 3707 459 3761 Berl.
471 3706 597 3764 tradat
615 3727 639 3781 p.
652 3707 705 3776 86,
724 3709 816 3764 bonite
836 3709 944 3780 metaph.
964 3708 1055 3776 11,25.

218 3805 238 3874 ⁹)
264 3805 294 3860 ci.
314 3805 407 3860 Bonita
426 3807 535 3878 metaph.
555 3807 589 3874 ll,
602 3805 645 3862 27.

218 3904 238 3973 ³)
263 3901 294 3958 cl.
315 3903 539 3977 Trendclenbnrg:
558 3906 623 3963 utar.
643 3907 674 3962 de
692 3905 727 3962 id.
746 3914 771 3961 et
788 3919 858 3961 num.
878 3904 945 3960 dcet.
963 3921 988 3977 p·
1000 3902 1044 3964 22.
