2784 4606
602 311 762 410 ...32-

174 505 265 574 qucrn
287 486 431 554 nihildum
455 486 491 554 dc
514 486 570 554 hac
591 509 623 552 re
647 486 828 572 disputatum
852 489 899 564 sit,
926 488 974 552 ille
997 487 1130 574 exemplo
1153 490 1185 551 in

177 614 307 688 quatuor
329 623 436 686 genere
468 601 572 666 cedere
602 602 829 678 demonstraret.
862 602 951 689 idque
981 603 1060 668 nulla
1090 602 1185 668 subti-

176 716 248 780 liorc
271 718 525 802 argumentatione
552 716 662 782 addita.
709 716 769 782 Sed
793 720 816 782 si
841 718 974 803 exempla
996 719 1077 804 ipsa,
1108 739 1183 804 quae

138 907 142 915 μ
175 829 228 894 Ar.
246 830 304 895 hoc
327 831 393 896 loco
410 830 503 909 affert,
527 831 813 918 perlustraverimus‚
837 855 916 898 novo
936 832 1079 921 quaedam
1096 845 1182 900 anteo
1276 916 1284 927 .

176 965 237 1010 uon
259 959 419 1010 memorate
443 945 543 1011 addita
566 969 628 1011 esse
644 946 811 1012 videbimus
835 943 887 1025 (τά
905 957 1046 1027 στοιχεῖα
1062 945 1183 1012 συλλα-

175 1058 251 1140 βῶν,
273 1059 351 1144 πῦρ,
374 1063 428 1146 γῆ,
452 1055 584 1144 ἰατρός).
618 1061 719 1148 ltaque
741 1063 894 1127 lectionem
913 1062 979 1128 cod.
996 1063 1038 1126 A¹³
1052 1060 1183 1129 ἅπαντα

176 1178 230 1236 καὶ
245 1171 284 1238 eol
299 1145 359 1240 vlu
373 1175 524 1259 εἰρημένοι
539 1173 684 1260 (exempla
708 1199 771 1242 curn
790 1180 888 1242 omnia
903 1190 965 1242 tum
981 1189 1066 1242 antea
1083 1175 1182 1258 allate)

176 1310 273 1354 veram
297 1311 361 1354 csse
384 1291 471 1356 duco.
507 1289 566 1354 Sed
590 1291 647 1354 elio
672 1313 791 1378 quoqne
813 1292 919 1358 mendo
943 1293 1014 1358 haec
1030 1291 1122 1357 verba
1137 1294 1181 1354 in·

174 1406 296 1490 quincta
319 1427 382 1470 esse
405 1406 474 1470 mihi
499 1404 645 1470 videntur.
689 1406 710 1468 li
735 1410 810 1471 enim
834 1403 960 1491 τρόποι,
990 1409 1041 1493 qui
1065 1406 1113 1470 hic
1137 1428 1182 1470 rc-

175 1533 344 1596 censcntur,
373 1519 449 1584 inire
471 1521 626 1606 speciebus
642 1535 852 1607 opponuntur,
878 1545 953 1610 quac
970 1521 1071 1616 codem
1088 1519 1180 1584 verbo
1284 1537 1287 1542 ·

183 1625 531 1718 »epdrcos·’denotcutnr
542 1658 596 1700 nec
611 1635 712 1700 addito
726 1637 871 1721 adjectivo
892 1629 1006 1720 »ἧττον
1018 1637 1155 1720 φανεροί
1160 1653 1174 1682 «

174 1771 191 1812 c
205 1749 358 1834 prioribus
373 1743 501 1833 τρόποις
517 1749 751 1836 distinguuntur,
779 1775 807 1815 v.
825 1750 877 1844 28ι
891 1747 930 1812 τά
944 1755 1004 1834 μὲν
1019 1746 1078 1814 οὖν
1094 1752 1181 1813 αἴτιοι

174 1863 275 1929 ταῦτα
297 1868 352 1926 καὶ
372 1864 506 1928 τοιαῦτά
528 1863 593 1928 ἐστι
614 1869 659 1952 τῷ
682 1864 774 1941 εἴδει,
797 1866 908 1950 τρόποι
932 1864 969 1930 δὲ
990 1865 1055 1930 τῶν
1069 1865 1181 1945 αἰτίων

115 1976 120 1986 ’
173 1973 307 2064 ἀριθμῷ
326 1980 387 2061 μέν
405 1978 466 2043 εἰσι
487 1977 612 2044 πολλοί.
646 1979 830 2067 Quemquam
854 1984 945 2068 igitur
968 2003 1068 2046 omncs
1092 1980 1178 2046 codd.

173 2093 366 2180 metaphysici
390 2106 419 2157 et
434 2094 614 2158 Themistins
630 2093 857 2182 simpliciusque
881 2096 919 2160 ad
936 2097 1024 2182 phys.
1042 2097 1076 2160 B.
1095 2118 1119 2160 c.
1134 2093 1179 2160 lll.

174 2207 327 2272 lectionem
354 2208 529 2292 »sponsu«
558 2211 587 2272 in
603 2211 702 2296 priore
718 2211 784 2274 loco
802 2223 931 2288 tuentur,
957 2213 1056 2276 neseio
1072 2223 1178 2288 temen,

173 2344 209 2394 cn
234 2329 304 2388 cum'
319 2327 571 2410 praestantissimo
589 2324 654 2390 cod.
672 2326 797 2413 physico
814 2332 844 2390 E
857 2339 886 2390 et
901 2326 948 2390 hic
965 2338 993 2390 et
1009 2327 1066 2390 illic
1082 2325 1181 2412 legen·

174 2437 245 2504 dum
261 2441 300 2503 sit
322 2435 484 2515 »τόποος.«
522 2439 647 2514 Τόπους
663 2443 692 2505 ἰο
710 2421 929 2528 ρΙοτοιίοοόοο
953 2440 1064 2504 divisos
1087 2440 1179 2533 hebes
1288 2495 1293 2500 .

171 2567 236 2640 top.
254 2554 287 2620 Z.
312 2576 338 2619 c.
354 2556 386 2619 ll.
421 2556 577 2620 Praetereo
599 2557 763 2620 notandum
782 2569 834 2633 est,
859 2555 932 2622 duas
949 2534 1179 2634 mundationes,¹

173 2693 249 2758 queo
272 2684 375 2736 nostro
398 2672 427 2734 io
453 2675 547 2756 capite
570 2670 721 2737 adduntur
735 2693 789 2737 nec
812 2675 843 2735 in
866 2672 949 2736 libris
972 2672 1104 2758 physicis
1128 2693 1180 2736 cx-

172 2797 261 2874 stcnt,
281 2787 471 2872 explicationi
487 2786 722 2870 praecedentium
738 2787 898 2852 verborum
914 2788 1070 2850 inservire:
1090 2783 1143 2849 14³
1159 2783 1179 2848 3

172 2897 221 2963 ὅτι
249 2896 266 2962 ὁ
288 2895 506 2974 Πολύκλειτος
528 2898 721 2985 ἄνθρωπος,
744 2900 762 2966 ὁ
787 2902 823 2966 δὲ
846 2897 1025 2985 ἄνθρωπος
1048 2897 1128 2986 (qius
1152 2913 1180 2964 et

175 3013 230 3078 14·
245 3011 264 3078 6
279 3011 364 3079 ἀλλά
381 3011 423 3099 μή
439 3015 541 3098 μόνον
556 3014 772 3090 Πολύκλειτος
786 3017 806 3100 ἢ
822 3014 1012 3100 ἄνθρωπος.
1039 3015 1178 3084 Attamen

172 3151 210 3193 ex
234 3141 293 3194 tem
308 3134 419 3195 incerta
440 3153 472 3194 re
495 3133 615 3217 gravius
637 3132 796 3218 quidquam
814 3132 949 3216 colligere
965 3152 1025 3194 non
1042 3132 1177 3195 auserim.

241 3242 339 3310 totth
355 3244 404 3311 18.
430 3243 475 3308 ότι
497 3243 615 3330 όθενῇ
638 3247 758 3330 κίνησις
772 3243 790 3331 ἦ
807 3244 915 3329 πρώτη
931 3243 966 3310 ἐν
982 3241 1101 3331 ἑκάστῳ
1117 3243 1180 3308 τόν

172 3356 268 3444 φύσει
290 3358 392 3426 ὄντων
412 3360 448 3424 ἐν
462 3357 549 3448 αὐτῷ
571 3353 591 3452 ᾗ
613 3355 691 3424 αὐτὸ
715 3357 860 3446 ὑπάρχει.
893 3361 984 3448 Fugit
1006 3362 1179 3446 interpretes

168 3465 376 3540 'Alexandrum
409 3478 438 3540 in
474 3488 559 3542 textu
593 3475 732 3540 habuisse
762 3473 780 3560 ἡ
810 3473 917 3559 πρώτη
946 3476 966 3560 ἢ
994 3473 1030 3539 ἓν
1058 3471 1179 3559 ἑκάστῳ

173 3586 269 3669 (οὗτοι
286 3588 323 3654 di
343 3593 391 3676 εἴη
415 3592 457 3656 ἂν
471 3585 506 3655 τό
531 3615 549 3675 η
572 3584 757 3674 tumetum
770 3589 828 3656 τοῦ
842 3584 951 3674 πρότρ
966 3584 1076 3670 Alex.)‚
1101 3587 1180 3654 unde
1269 3641 1272 3648 .

171 3708 378 3791 interpositum
400 3728 564 3794 pronomen
587 3703 655 3791 η’τις
678 3706 824 3770 desiderat
847 3717 876 3769 et
897 3716 989 3769 totam
1006 3706 1192 3769 sententiam·

173 3819 340 3908 detorquet.
386 3821 447 3888 Scd
475 3844 536 3887 uno
566 3823 648 3908 apice
676 3833 789 3886 mutato
818 3820 881 3908 lege
910 3816 995 3884 ὅθεν
1017 3811 1037 3903 ἧ
1061 3820 1180 3902 κίνησις

967 3927 1013 3985 aee
