2784 4606
700 362 743 425 38

215 545 280 610 cod.
299 542 339 610 A*
352 542 396 632 τῷ
411 539 496 626 ἔχειν
515 583 547 596 -
570 535 711 608 dorcade
726 540 880 606 manifesto
897 541 1143 627 exsequentibus
1160 565 1188 607 v.
1201 542 1224 608 8

212 683 367 749 perperam
389 661 448 726 huc
472 673 566 725 tracta
588 671 667 724 sunt.
713 658 825 723 Idcirco
848 658 928 745 legas
951 660 1007 724 tic:
1043 655 1150 722 πάντα
1178 657 1224 745 τῷ

214 774 298 859 ἔχειν
321 773 364 841 ἄν
386 778 434 860 εἴη
457 767 506 852 τι.
526 776 556 838 ai
572 775 609 840 δὲ
630 769 691 859 μὴ,
713 769 903 858 ὁμωνύμως,
928 772 1009 840 ὥστε
1032 818 1039 836 .
1060 801 1108 850 ..3
1132 773 1223 840 verba

214 897 289 958 enim
311 893 342 956 et
362 892 398 957 dd
420 887 462 978 μή
486 905 610 979 propter
625 889 842 955 similitudinem
866 889 1104 974 praecedentium
1126 890 1222 955 litera-

212 1031 278 1073 rum
301 1011 331 1072 io
353 1009 415 1073 reli.
439 1007 525 1073 codd.
547 1021 665 1094 praeter
681 1005 721 1070 Ab
734 1005 868 1070 facillime
892 1004 1027 1070 excidere
1049 1019 1222 1092 potnerunt.

214 1125 308 1209 Quam
330 1137 398 1212 apte
420 1145 504 1214 vero·
517 1135 647 1188 extrema
671 1120 762 1186 verba
780 1122 834 1186 Ar.
859 1120 1007 1206 adjecerit,
1031 1119 1115 1186 facile
1137 1121 1224 1186 intei-

211 1242 290 1306 lecto
318 1253 370 1304 est.
416 1239 531 1303 Etenim
561 1240 586 1301 si
615 1239 681 1323 quis
709 1248 833 1322 propter
854 1235 948 1300 aolarn
971 1237 1053 1300 vecie
1077 1235 1224 1322 ambigui-

212 1367 301 1420 tatem
324 1354 448 1417 vcrbum
480 1350 605 1431 »ἔχεινι
638 1350 675 1414 ad
704 1354 900 1436 privationem
931 1350 1141 1437 designandam
1170 1350 1222 1416 ad·

211 1583 366 1670 possibilia
389 1603 452 1647 csse
476 1580 625 1646 concedet.
664 1579 830 1646 10201217.
854 1575 895 1642 aci
920 1578 956 1670 eii
978 1579 1074 1665 πάθη
1096 1581 1160 1646 cciv
1174 1603 1223 1644 nc-

212 1700 377 1783 voopdvaov
398 1690 418 1786 p*
441 1695 628 1779 κινούμενα,
658 1698 712 1760 καὶ
734 1691 769 1757 ai
790 1697 856 1758 cciv
878 1694 1032 1778 κινήσεων
1055 1693 1222 1781 διαφοραί.

212 1813 345 1899 Subjecti
362 1833 480 1877 manere
497 1811 589 1876 verba
611 1808 713 1886 τὰδὲ,
736 1809 975 1896 praedicatorum
991 1807 1087 1896 πάθη
1104 1824 1133 1876 ct
1149 1811 1221 1876 ‹taa-

212 1931 314 2015 φοραί
335 1927 510 2014 iunguntur.
545 1925 649 1990 Deicas
673 1928 765 2013 igitur
780 1947 846 1991 cnm
870 1924 935 1992 cod.
953 1924 995 1991 Ab
1009 1927 1164 1992 articulum
1187 1923 1223 1990 ci

210 2048 367 2110 iteratione
389 2040 627 2130 praecedentium
650 2043 799 2106 literarum
816 2054 929 2118 ortum,
954 2043 1023 2129 qnia
1039 2042 1118 2108 nulia
1134 2064 1222 2108 causa

211 2163 382 2248 investigari
410 2170 526 2246 potest,
557 2179 610 2222 cnr
638 2158 694 2224 hoc
722 2162 753 2223 in
781 2160 847 2224 loco
877 2156 1048 2244 praedicato
1081 2159 1221 2224 articulus

211 2274 329 2341 additus
353 2278 399 2340 sit.
438 2272 537 2340 1020b
551 2272 581 2338 7.
605 2277 659 2336 καὶ
675 2272 757 2347 ὅλως
772 2272 790 2336 ὃ
807 2268 897 2358 παρὰ
913 2269 950 2337 ed
967 2271 1069 2338 ποσὸν
1084 2266 1221 2359 ὕστάρχοι

212 2389 247 2454 ἐν
261 2391 298 2479 τῇ
313 2387 416 2469 οὐσίᾳ.
446 2377 546 2472 Quid?
568 2389 679 2454 illudne
693 2391 815 2452 aiterum
830 2409 949 2476 quoquc
966 2391 996 2452 in
1012 2392 1134 2454 notione
1150 2390 1220 2455 sub-

211 2505 340 2570 stantiaii
356 2505 499 2569 inclusum
517 2505 581 2569 esti
605 2500 639 2569 at'
650 2504 681 2568 id
698 2507 794 2590 ipsurn
808 2505 860 2569 Ar.
880 2517 980 2591 aperte
996 2508 1140 2592 proximis
1157 2529 1221 2570 vcr-

209 2621 257 2686 his
273 2633 375 2707 negat:
400 2615 494 2683 orinia
512 2615 574 2706 χολρ
589 2617 723 2682 ἑκάστου
738 2620 756 2683 ὃ
772 2618 871 2697 ἅπαξ.
905 2618 1096 2686 confidenter
1107 2621 1220 2686 scribas
1283 2711 1300 2726 ⁶

211 2735 229 2796 ὃ
256 2729 347 2818 παρὰ
376 2729 410 2797 ed
435 2732 471 2798 dv
493 2733 529 2824 τῇ
560 2730 653 2814 οὐσίᾳ
676 2730 779 2800 ποσὸν
801 2731 937 2818 ὑπάρχοι
964 2732 1018 2814 (sc.
1036 2731 1219 2822 ἀριθμοῖς»

211 2851 381 2935 conjectura
404 2863 482 2914 certa
497 2849 660 2913 Alexandri
677 2852 852 2916 auctoritate
868 2850 1058 2916 confirmatur
1072 2853 1114 2916 sic
1132 2854 1221 2916 inter-

210 2967 331 3050 pretati:
356 2967 410 3026 eat
433 2961 516 3038 ὅλως
537 2963 637 3028 andrai
659 2959 749 3048 rcapti
773 2960 809 3027 cd
832 2961 935 3029 arando
959 2970 1013 3028 ani
1033 2962 1092 3050 τὴν
1108 2963 1220 3031 οὐσίαν

285 3077 321 3141 ἐν
342 3077 386 3163 τῷ
409 3051 542 3166 ἇριθμῷ
565 3071 714 3163 ὖπάρχεο.

279 3190 379 3257 1021b
394 3192 445 3258 29.
469 3191 559 3267 τέλος
582 3192 619 3256 δὲ
642 3195 696 3258 καὶ
718 3189 753 3256 cd
779 3187 818 3257 od
842 3196 934 3259 iaaac
957 3191 1105 3273 ἔσχατονς
1134 3196 1220 3260 iovis·
1289 3229 1294 3238 ·

211 3312 283 3372 sima
307 3309 471 3372 mutatione
493 3307 582 3383 τέλος
604 3313 658 3372 καὶ
680 3304 716 3373 τὸ
741 3301 780 3374 οὗ
803 3311 910 3384 ἕνεκα,
935 3306 1071 3390 ἔσχατον
1093 3304 1133 3374 ὅν
1149 3312 1220 3376 scri·

208 3424 340 3490 bendum
364 3445 427 3488 esse
443 3425 598 3489 verisimile
620 3425 654 3490 fic
676 3425 783 3490 collato
807 3426 894 3513 phys.
909 3425 942 3490 B.
967 3445 991 3490 c.
1009 3422 1047 3505 ΙΙ,
1074 3422 1151 3492 194³
1165 3423 1217 3492 29.

211 3531 258 3602 cdv
278 3534 344 3624 γὰρ
366 3538 517 3618 συνεχοῦς
539 3543 594 3626 τῆς
616 3539 769 3626 κινήσεως
789 3539 884 3625 οὔσης
913 3537 978 3604 ἔστι
1003 3564 1033 3605 ce
1054 3538 1144 3617 τέλος
1166 3540 1219 3626 τῆς

210 3652 373 3740 κινήσεως,
397 3654 490 3719 τοῦτο
512 3652 648 3735 ἔσχατον
664 3660 730 3720 teni
751 3650 787 3719 cd
804 3649 845 3721 οὗ
860 3657 963 3736 ἕνεκα.
999 3653 1126 3722 Causam
1142 3658 1218 3724 enim

210 3792 264 3836 cur
291 3770 363 3859 qnid
390 3771 443 3836 iiat
468 3765 519 3850 (cd
543 3765 583 3837 οὗ
605 3772 714 3850 ἕνεκα)
742 3773 830 3838 finem
852 3769 969 3853 (τέλος)
997 3795 1059 3838 esse
1082 3795 1137 3862 per
1158 3795 1217 3840 ma·

210 3885 287 3952 dian
309 3890 460 3966 notionem
483 3891 606 3954 extremi
629 3885 793 3969 (ἐσχάτου)
816 3888 1042 3954 demonstratur.
