2782 4612
571 357 730 456 *ss-

146 562 173 606 e.
191 536 233 604 lV
255 534 335 606 999¹»
348 532 572 602 242-100025
595 538 745 623 quaestio,-
775 557 844 602 uem
867 537 1013 624 principis
1036 537 1154 622 speciei,

146 665 185 724 an
207 653 384 720 numeralem
405 653 548 718 unitatem
563 652 702 729 habeant,
726 654 846 718 summis
862 650 1087 718 difficultatibus
1102 653 1155 716 inu·

145 771 248 857 plicita
271 791 334 834 esse
356 768 523 834 videbatur.
569 768 600 832 ln
623 767 690 834 libri
706 771 749 831 A.
772 790 797 833 c.
810 767 874 832 Vlll
899 764 1050 832 1074231
1068 763 1154 830 -39

146 905 271 952 numero
286 885 463 970 principium
478 901 623 950 summurn
638 905 729 948 unum
748 905 821 958 esse,
839 885 949 968 quippe
965 880 1046 968 quod
1066 894 1156 946 mate·
1280 969 1287 976 ἱ

146 1001 347 1065 riaeimmuue
358 1011 444 1074 esset,
458 998 510 1064 dr.
525 999 613 1063 deuse
626 997 841 1064 demonstrasse
852 995 941 1060 modo
954 995 1093 1060 diximus.
1116 995 1157 1060 At

146 1127 185 1178 ut
204 1125 284 1178 recte
305 1113 363 1176 hoc
386 1114 555 1180 conclusum
580 1133 643 1178 esse
666 1112 871 1189 concedemus,
896 1131 954 1176 uns
976 1123 1073 1176 tamen
1089 1131 1157 1196 gra·

148 1231 268 1295 vissime
297 1227 453 1295 difficulter
480 1232 510 1292 in
537 1229 616 1294 libro
636 1233 677 1292 B.
700 1240 779 1292 mute
809 1239 948 1292 remanet.
993 1225 1053 1290 lllic
1081 1228 1156 1290 euim

147 1344 202 1408 Ar.
218 1344 350 1428 speciose
367 1342 518 1419 docuerat,
542 1345 764 1430 principiorum,
781 1345 807 1406 si
822 1323 999 1408 numeralem
1015 1343 1157 1404 unitatem

147 1457 300 1534 habereut,
325 1461 524 1545 coguitionem
547 1458 620 1526 tolli·
655 1457 716 1524 Sed
739 1458 815 1522 haue
838 1460 931 1544 ipsam
955 1454 1156 1520 difficultatem

149 1573 202 1638 Ar.
226 1575 257 1636 in
279 1571 347 1638 libri
370 1577 419 1638 M.
434 1595 459 1638 c.
476 1573 515 1650 X,
540 1573 729 1639 distinctione
752 1575 828 1638 iuter
849 1574 1058 1680 cognitionem,
1083 1589 1157 1656 quas
1234 1617 1245 1638 .
1284 1591 1289 1602 ·

149 1699 218 1752 actu
241 1683 409 1772 (ἐνεργείᾳ)
433 1700 559 1776 atquae
582 1691 715 1775 potentia
738 1681 901 1769 (δυνάμει)
923 1687 984 1763 liat,
1012 1688 1156 1760 instituta,

150 1805 317 1868 acutissime
345 1815 375 1866 et
400 1806 565 1866 cerisarios
591 1803 728 1869 amolitus
752 1814 806 1868 est.
852 1801 930 1884 Quid
952 1803 1044 1886 igitur
1066 1801 1159 1904 'mgis'

151 1939 191 1982 ex
212 1939 245 1982 re
266 1917 471 1994 cerevissam,
496 1939 585 2003 quam
608 1931 643 1982 ut
664 1919 736 1984 haec
759 1918 933 2003 disceptatio
951 1916 1089 1982 absoluto
1108 1911 1168 1999 juss.

151 2032 229 2098 dicio
252 2034 282 2096 iu
302 2031 379 2096 libro
395 2035 438 2094 A.
452 2034 609 2118 proposito
625 2032 802 2118 praecedas?
825 2031 886 2099 Sed
901 2033 987 2096 etiam
1002 2030 1168 2095 nonnullas

152 2147 362 2234 disputationis
385 2159 484 2233 partes
506 2147 575 2214 libri
591 2150 633 2210 A.
656 2167 694 2212 cx
716 2147 797 2212 sonte
813 2146 954 2212 librorum
971 2145 1160 2210 sumseri-

152 2263 291 2326 vaverim.
331 2259 381 2328 Sic
398 2264 460 2347 jam
484 2285 573 2349 supra
595 2265 626 2326 iu
649 2274 734 2349 parte
756 2263 857 2328 critice
878 2261 1106 2349 significavimus
1130 2262 1159 2322 iu

151 2378 290 2442 universe
316 2376 520 2463 disquisitione
542 2377 561 2442 l.
578 2381 622 2444 A.
637 2400 662 2442 c.
679 2378 718 2442 lV
730 2391 761 2442 et
776 2377 803 2438 V
818 2379 994 2452 examineri,
1018 2395 1089 2442 oum
1112 2395 1161 2440 ee·

153 2490 235 2568 dem,
263 2509 334 2561 num
363 2492 480 2561 diversa
509 2515 607 2558 rerum
634 2497 763 2558 omnium
786 2496 845 2558 siut
867 2494 1020 2579 principia.
1067 2491 1160 2576 Atqui

153 2606 243 2691 hojm
266 2610 448 2693 quaestionis
462 2610 492 2672 iu
507 2609 584 2674 llbro
598 2613 641 2672 B.
651 2609 734 2674 uuila
749 2609 859 2672 mentio
875 2606 952 2672 saeta
969 2605 1033 2681 luit,
1058 2623 1161 2691 queru-

153 2726 199 2788 vis
226 2735 352 2808 cognate
380 2728 515 2810 quaestio
546 2724 582 2788 de
609 2727 761 2810 principiis
784 2743 880 2788 rerum
905 2721 1108 2807 corruptumm
1131 2732 1163 2784 ct

154 2848 337 2922 seminecum
350 2837 569 2923 diligentissime
578 2838 796 2925 disceptatoris.
813 2836 867 2902 Sin
878 2839 944 2922 quis
955 2846 1052 2900 autem
1061 2833 1160 2920 prullo

153 2954 295 3018 stteutius
324 2955 518 3038 posteriorem
547 2965 660 3039 partem
684 2954 703 3018 l.
719 2959 759 3017 Ν.
781 2975 805 3018 c.
821 2953 856 3018 lll
881 2948 979 3016 1089ἃ
994 2947 1162 3014 2-90·2

152 3066 320 3153 perlegerit,
345 3069 369 3130 is
393 3067 543 3152 intelliget,
567 3089 622 3134 cur
636 3070 689 3134 Ar.
707 3072 736 3132 iu
760 3067 837 3132 libro
854 3071 896 3130 A.
919 3067 995 3133 hauc
1019 3083 1078 3130 rem
1102 3078 1177 3130 sam*

155 3184 263 3249 acriter
285 3183 457 3248 excusserit.
504 3182 649 3248 Platonici
678 3185 753 3246 enim
781 3158 827 3246 cx'
842 3182 905 3246 sola
929 3183 1042 3246 unitate
1066 3180 1163 3245 multi·

155 3296 287 3376 tudinem
314 3317 412 3362 rerum
441 3296 588 3382 explicere
612 3296 858 3383 desperaverunt,
872 3277 877 3288 ⁴
891 3308 1042 3383 assumpta
1065 3307 1162 3360 sutem

154 3411 269 3477 infinite
298 3410 440 3477 duslitute
467 3432 514 3476 res
544 3434 645 3478 omncs
674 3435 713 3478 cx
742 3414 896 3498 principiis
924 3414 1047 3477 unitatis
1075 3423 1163 3496 atque

157 3524 307 3592 dualitatis
319 3565 320 3572 κ
331 3525 476 3592 deducere
498 3529 596 3592 consti
618 3519 726 3608 sunt¹l.
757 3525 810 3592 Ar.
828 3526 886 3592 illic
902 3524 959 3590 hoe
975 3525 1067 3594 altere
1083 3528 1164 3610 prin·

158 3690 369 3706 mun-nd

216 3789 236 3855 ¹)
260 3785 291 3842 cl.
303 3795 334 3842 A.
354 3805 375 3841 o.
388 3786 427 3841 lx
445 3783 510 3842 992³
523 3785 557 3842 18
575 3787 642 3849 ὅλως
657 3806 684 3842 se
700 3784 727 3842 sd
745 3787 796 3842 τῶν
806 3786 889 3842 ὄντων
900 3789 982 3854 ζητεῖν
997 3791 1110 3859 στοιχεῖα
1126 3786 1163 3860 μὴ

160 3884 302 3950 coeteros,
319 3885 453 3956 πολλαχῶς
469 3887 625 3958 λεγομένων,
644 3885 775 3940 ἀδύνατον
791 3883 880 3954 edoctu
898 3921 943 3940 ...
