2784 4606
586 351 743 448 ..l-bl..-

162 530 329 596 censionem
345 526 520 596 trahendum
538 531 585 604 sit,
605 527 740 594 facillime
754 525 931 612 dijudicabit
940 520 972 606 ¹l
999 525 1065 592 lloc
1079 528 1172 614 igitur

163 645 350 732 integritatis·
368 656 542 729 argumento
573 643 682 727 rejecto
711 642 748 710 ad
772 662 841 708 vcra
864 641 971 709 indicia
995 641 1172 728 exponenda

162 781 217 826 nos
240 761 435 845 accingamus.
470 759 708 844 Interpolationis
731 761 806 822 enim
831 759 965 844 auspicio
986 757 1085 834 habet,
1111 779 1171 844 quo

161 873 322 960 probetur,
352 876 377 938 si
407 873 479 960 quial
508 875 538 938 in
562 873 712 949 versibus,
742 896 781 938 ex
809 873 961 958 prioribus
984 873 1171 958 philosophis

162 989 376 1075 physiologicis
399 991 532 1074 poetisve
557 989 660 1065 allatis,
691 991 732 1052 ita
754 1001 898 1054 mutatum
923 1000 975 1079 est,
1001 1000 1034 1053 ut
1057 989 1172 1055 numeri

162 1105 193 1168 in
215 1115 323 1168 rectam
346 1103 470 1170 sormam
494 1103 674 1189 redigantur.
705 1103 816 1168 Versus
840 1115 936 1171 autem
960 1105 990 1166 in
1008 1101 1109 1168 codice
1124 1101 1171 1168 Ab

163 1217 274 1284 laudati
294 1222 342 1285 tta
371 1219 535 1284 claudicare
564 1219 673 1295 solent,
704 1231 739 1282 ut
768 1217 803 1282 de
833 1217 1059 1304 interpolatione
1083 1217 1171 1301 hujus

60 1349 63 1353 ’
162 1335 277 1418 generis
307 1335 432 1420 cogitari
460 1345 595 1419 nequeat.
634 1331 694 1396 Nec
718 1354 907 1398 numerorum
931 1333 1036 1398 vitium
1060 1331 1171 1418 ubique

164 1469 202 1514 cx
229 1448 416 1515 librariorum
447 1448 532 1534 lapsu
561 1446 754 1515 derivandum
784 1470 847 1513 esse
877 1447 1028 1524 duxerim3
1061 1447 1171 1510 horum
1232 1445 1233 1450 ’

163 1575 240 1628 certe
256 1585 394 1630 versuum
417 1563 591 1650 depravatio
615 1564 776 1629 inveterata
794 1585 856 1628 esse
872 1562 1005 1628 videtur:
1031 1559 1110 1630 98411
1128 1558 1170 1626 26

163 1677 290 1762 πρῶτον
319 1683 382 1762 ,μὲν
411 1679 453 1744 Ab
472 1701 529 1764 pro
558 1675 738 1762 πρώτιστον
763 1679 832 1760 μὲν,
867 1673 946 1743 teth
968 1674 1009 1742 29
1038 1671 1172 1760 ἥδ’,ἔρως

162 1793 204 1860 rib
230 1815 286 1880 pro
320 1790 459 1879 ᾖδ’ἔρος,
503 1791 602 1858 1000ἃ
629 1791 672 1856 30
707 1790 768 1856 ὅσοι
801 1789 917 1858 τ’ἔστιν
943 1790 987 1860 Ab
1019 1813 1075 1876 pro
1111 1787 1172 1854 ὅσοι

162 1906 280 1973 educat
308 1904 443 1984 ὄπίστω,
476 1905 585 1972 10090
601 1906 645 1972 24
667 1906 745 1990 ὅπερ
772 1909 904 1992 φρονέει
930 1903 1054 1990 μελέων
1076 1905 1172 1990 φύσις

162 2019 388 2107 ἀνθρώποισιν
408 2026 463 2086 καὶ
475 2065 502 2084 ..
513 2047 523 2098 ,·
547 2017 644 2105 φύσις
666 2018 891 2106 ἀνθρώποισιν
907 2043 963 2087 οιιι.
981 2020 1041 2096 Ab,
1070 2018 1171 2086 10152

163 2137 183 2202 2
207 2134 379 2215 διάλλαξ1ς
401 2159 434 2202 τε
449 2138 605 2226 μιγέντων
620 2135 693 2212 ἐστί,
716 2137 811 2221 φύσις
827 2136 888 2199 d’..
901 2135 988 2201 codd.
1002 2135 1063 2198 rell.
1077 2132 1171 2198 διάλ-

164 2250 270 2330 tosta.
285 2255 442 2335 μιγέντων
470 2251 537 2317 ἐστὶ
556 2255 613 2314 καὶ
635 2251 729 2336 φύσις
751 2251 811 2315 Ab.
853 2251 931 2317 Haec
954 2249 1060 2317 menda
1084 2252 1109 2314 si
1133 2249 1171 2319 ed

161 2369 350 2434 Aristotelem
373 2370 481 2453 ipsum,
505 2367 560 2432 hos
579 2389 682 2432 versus
706 2389 744 2432 ex
767 2367 906 2431 memoria
922 2363 1101 2441 laudantem,
1124 2386 1171 2430 re·

162 2482 238 2548 ferre
260 2483 400 2557 nolueris,
426 2481 463 2546 ab
488 2481 752 2567 interpolatoribus
775 2493 871 2549 tamen
893 2479 1016 2544 scabros
1032 2500 1170 2546 numerus

162 2601 191 2664 io
225 2598 345 2684 reliquis
381 2596 533 2662 codicibus
568 2599 721 2662 restitutos
753 2618 817 2660 esse
846 2594 1086 2662 verisimillimum
1115 2608 1169 2661 est.

162 2713 288 2800 Largior
317 2725 362 2780 est
389 2715 491 2778 messis
515 2712 647 2777 locorum
672 2735 688 2778 a
711 2711 832 2798 reliquis
857 2709 1009 2777 codicibus
1032 2723 1084 2776 aut
1106 2731 1170 2780 uru-

162 2841 290 2894 urorum
315 2839 367 2894 aut
390 2827 586 2912 expletorum‚
611 2848 686 2914 quos
711 2849 748 2892 ex
771 2825 999 2912 interpolatione
1023 2846 1110 2911 quam
1132 2845 1171 2892 ιιι

163 2942 280 3010 diversa
308 2945 478 3008 recensione
507 2954 653 3029 repetere·
668 2942 774 3008 malian.
816 2939 949 3008 Certiore
977 2953 1074 3006 autent
1103 2939 1170 3008 sun·

163 3107 374 3124 W

203 3200 223 3264 ¹)
246 3195 276 3249 Ε,
290 3213 314 3267 g.
327 3197 353 3248 in
371 3196 458 3265 paucis
478 3194 643 3264 corruptelis,
662 3193 759 3248 scribae
778 3191 850 3262 culpa
870 3193 945 3256 ortis,
966 3191 1074 3257 docebo,
1094 3208 1168 3262 quam

100 3269 106 3286 ⁸
162 3292 236 3347 facile
255 3293 365 3364 genuina
383 3291 458 3346 lectio
479 3291 535 3344 cod.
552 3291 588 3346 Ab
602 3291 702 3344 restitui
722 3291 816 3361 possit:
839 3286 906 3342 991⁶
919 3285 955 3342 30
972 3289 1023 3343 τῶν
1046 3289 1126 3362 δεῦρο’
1150 3292 1170 3342 ι’

163 3389 238 3444 codd.
248 3389 304 3442 rell.
315 3389 366 3444 τῶν
378 3391 405 3442 δ’
416 3388 464 3454 Ab,
484 3407 548 3442 corr.
561 3389 639 3442 τοῖνδ’
649 3391 719 3466 ἔσται
734 3387 780 3442 καὶ
795 3387 879 3444 οὔτῶν
890 3384 955 3440 997¹>
972 3383 1004 3438 14
1015 3389 1078 3457 παρ’
1091 3380 1171 3443 adroic

162 3487 209 3542 καὶ
221 3465 281 3540 rell.
296 3485 369 3539 codd.
385 3483 459 3558 παρὰ
474 3485 566 3544 τούτοις
578 3486 626 3551 Ab,
647 3503 710 3538 corr.
724 3481 796 3560 rcapti
814 3487 833 3536 τ’
844 3479 923 3540 αὐτᾶς
940 3483 1018 3536 καὶ..
1039 3479 1120 3534 10191
1137 3477 1169 3533 13

156 3569 193 3638 1ἕν
207 3587 277 3638 ἔστιν
288 3583 322 3637 Ab
334 3586 374 3647 (Ε
387 3585 422 3648 Τ)
433 3581 559 3652 disjuncta
571 3583 649 3636 verba
662 3583 688 3634 in
701 3599 779 3634 unum
793 3579 926 3633 contrahas
938 3581 1025 3641 ἔνεστι,
1045 3573 1124 3629 1003·
1136 3574 1171 3630 30

162 3671 179 3754 ᾖ
195 3679 268 3734 ὄντα·
288 3677 332 3734 ded
351 3679 399 3733 ccl
415 3677 481 3750 ἡμῖν
497 3679 542 3732 τοῦ
558 3678 631 3738 ὄντος
647 3671 663 3750 ᾖ
682 3678 715 3731 ὃν
731 3675 775 3737 τὰς
791 3677 895 3753 πρώτας
912 3675 968 3730 rell.
981 3673 1054 3728 codd.
1066 3664 1082 3745 ᾗ
1096 3671 1172 3732 ὄντος

162 3778 266 3847 πρώτας
283 3778 337 3844 31,
352 3775 485 3830 lectionem
497 3777 656 3830 verissimam
675 3777 711 3830 sic
724 3777 830 3829 restitue
847 3768 864 3846 ᾗ
880 3773 930 3826 ὂν.
943 3811 950 3826 .
962 3809 968 3824 .
981 3809 987 3824 .
1000 3767 1046 3830 τοὶς
1061 3771 1171 3846 πρώτας,

147 3876 209 3930 ·hac
228 3877 293 3930 enim
313 3878 410 3931 ratione
429 3876 519 3930 lacuna
538 3893 569 3940 err
588 3872 762 3928 homoteleutn
781 3870 900 3926 facillime
920 3870 981 3924 oriri
994 3869 1090 3940 potuit.

961 3963 999 4020 ᾖ*
