2782 4612
508 363 817 462 -..¹.⁰„⁹..v

147 551 292 628 spectare.
322 537 454 618 Eundem
472 543 798 606 connexumlibrorum
814 545 898 606 ΖΗ.
915 555 943 608 et
958 545 1100 607 MNA.
1115 545 1160 606 in-

148 655 229 721 dieat
251 655 304 721 Ar.
324 660 360 720 Z.
382 679 407 721 o.
423 655 465 721 XI
490 655 656 724 1037210.
687 655 824 743 πότερον
847 653 879 720 d'
901 653 968 722 ἔστι
990 654 1081 743 παρὰ
1103 654 1160 742 τὴν

147 769 230 856 ὕλην
257 775 321 836 τῶν
348 771 501 836 τοιούτων
529 767 647 836 odardo
674 795 721 847 τις
755 771 853 856 ἄλλη,
888 775 955 835 καὶ·
976 772 1029 836 det
1059 769 1161 858 ζητεῖν

148 882 265 950 οὐσίαν
286 883 394 951 αὐτῶν
417 883 528 970 ἑτέραν
542 883 616 952 τινὰ
638 883 709 951 οἷον
724 883 888 972 sparnone
910 883 933 971 ἤ
954 909 993 977 rux
1006 886 1160 961 τοιοῦτον,
1234 887 1236 892 ’

149 1003 302 1065 σκεπτέον
323 1000 455 1086 ὕστερον
464 995 494 1082 ¹).
540 1002 602 1066 Neo
625 1001 769 1066 diversam
795 993 939 1067 rationem
962 1004 1015 1066 Ar.
1038 1000 1161 1065 tradidit

149 1120 195 1180 Η.
210 1117 259 1180 ol
279 1115 376 1180 1042³
391 1115 531 1192 22-24,
556 1117 703 1203 signifieat
717 1121 759 1180 H.
769 1139 794 1182 o.
807 1118 842 1180 tlt
860 1116 958 1213 1043a
973 1115 1115 1192 37-do‚
1132 1127 1162 1180 et

50 1269 53 1272 -
148 1230 313 1295 luculenter
340 1231 499 1294 illustravit
520 1235 556 1293 Z.
578 1253 602 1295 o.
619 1233 654 1294 ltt
678 1245 804 1296 exeunte
833 1245 863 1296 et
888 1255 952 1319 cap.
968 1231 1008 1294 lV
1031 1233 1159 1307 ineunte,

149 1344 241 1408 modo
270 1348 452 1432 ingeniosam
482 1348 680 1431 conjecturam
705 1349 833 1412 Bonitzii
856 1348 947 1411 verba
976 1344 1045 1408 ἐπεὶ
1072 1341 1104 1408 d’
1127 1343 1162 1410 ἐν

149 1452 236 1550 ἄρχῇ
251 1491 292 1506 -
309 1456 409 1525 αὐτοῦ
431 1457 478 1540 (9⁵
497 1459 593 1543 1-3)
617 1475 687 1547 post
710 1459 766 1526 διὰ
788 1460 909 1526 τούτων
924 1455 1031 1524 αὐτῶν
1046 1455 1087 1539 (ν.
1108 1453 1161 1539 12)

150 1575 325 1660 trajicientis
348 1575 532 1662 probaveris.
568 1575 687 1641 Certum
707 1576 852 1662 juditium
876 1575 1004 1646 inlibris
1022 1573 1162 1669 (Meie-

150 1687 330 1766 sideramus,
359 1711 413 1756 nee
438 1693 557 1755 omniuo
580 1691 655 1754 liber
675 1695 701 1754 Ι.
725 1705 804 1756 arete
827 1713 893 1755 oum
916 1691 1067 1778 prioribus
1091 1711 1161 1754 oon·

152 1817 305 1870 catenatus
326 1819 386 1870 ost.
432 1794 631 1871 Nihilominus
660 1827 698 1872 ex
728 1809 778 1884 iis,
812 1828 887 1894 quae
910 1827 1001 1892 supra
1024 1807 1160 1891 exposui,

152 1919 283 1984 dubitari
305 1923 417 2006 nequit,
442 1924 519 2008 quin
527 1921 580 1986 Ar.
597 1922 653 1986 bos
669 1943 789 2009 quoque
810 1922 903 1986 libros
917 1921 1001 1986 libris
1017 1923 1162 1984 M.N.A.

152 2055 336 2122 praeponere
358 2035 496 2100 voluerit.

220 2151 408 2216 Aristotelem
426 2153 518 2236 igitur
532 2150 623 2215 libros
639 2153 803 2214 Ζ.Η.Θ.1.
819 2150 901 2244 libris
917 2153 1059 2214 M.N.A.
1076 2171 1169 2235 prae--

152 2265 245 2352 figere
266 2268 295 2329 in
319 2266 416 2330 auimo
440 2255 578 2330 habuisse
602 2281 713 2332 eertum
735 2279 788 2331 est.
824 2265 884 2330 Sed
900 2267 1048 2331 vinculum
1066 2264 1163 2352 quod·

155 2379 221 2444 dam
238 2381 451 2466 explorandum
468 2380 532 2458 tuit,
558 2377 639 2468 quod
658 2384 733 2447 bane
750 2382 979 2468 disputationem
997 2403 1062 2446 cum
1078 2401 1163 2467 prae·

156 2493 269 2560 cedenti
292 2509 488 2560 connecteret.
529 2497 629 2583 Atque
652 2499 707 2561 hae
730 2500 760 2560 in
782 2519 814 2560 ro
837 2498 890 2560 Ar.
914 2499 1163 2582 praestantissima
1262 2530 1263 2536 κ

156 2622 312 2676 anteusus
336 2623 388 2676 ost.
427 2611 501 2674 Nam
525 2632 590 2676 oum
614 2614 644 2675 in
668 2612 744 2676 libro
761 2615 794 2676 Γ.
817 2633 910 2699 genus
933 2613 1044 2696 primae
1065 2609 1163 2696 pbilo-
1269 2655 1272 2664 ,

156 2725 277 2811 sophiae
305 2720 341 2788 ad
370 2723 409 2789 ὃν
430 2720 450 2816 ᾖ
475 2723 514 2790 ὃν
537 2749 599 2792 esse
630 2727 793 2804 docuisset,
823 2749 901 2791 nuno
930 2726 1159 2812 disputationem
1266 2797 1268 2802 ¹

122 2901 135 2914 ,
155 2840 225 2903 huie
255 2842 357 2926 generi
383 2844 440 2926 ipsi
468 2841 606 2908 aduertit.
652 2839 754 2929 Atque
776 2854 905 2928 quatuor
928 2839 1085 2928 generibus
1107 2837 1164 2901 rori

122 3003 126 3014 .
155 2953 246 3030 ὄντος
274 2954 434 3032 distinctis,
465 2956 694 3042 disputationem
725 2957 761 3023 de
790 2958 963 3022 substantiis
986 2959 1048 3020 sive
1071 2955 1163 3019 libros

156 3071 240 3131 Ζ.Η.
255 3071 416 3155 suspendet
431 3073 468 3136 ab
488 3073 615 3146 ontibus,
641 3075 762 3158 quaein
779 3075 934 3159 categoriis
951 3083 1089 3136 eontenta
1105 3072 1164 3135 siut

156 3180 207 3264 (ei.
228 3188 265 3246 Ε.
287 3205 312 3250 o.
327 3186 351 3247 ll
373 3187 429 3250 init
451 3207 516 3251 oum
539 3191 575 3248 E.
590 3184 673 3268 an
696 3185 844 3270 exeunte),
868 3186 1027 3252 tracta'tum
1051 3185 1088 3250 de
1108 3207 1164 3271 po·
1201 3255 1207 3262 ,

156 3301 247 3364 tentia
285 3312 314 3363 et
348 3313 416 3364 actu
448 3304 577 3366 anneotit
608 3301 653 3388 τῷ
682 3301 749 3366 ὄντι
779 3301 914 3386 δινάμεν
941 3305 997 3366 καὶ
1024 3299 1165 3383 ἐνεργείᾳ

215 3497 234 3564 ¹)
252 3496 304 3552 Vix
322 3500 492 3552 nodomarium
512 3509 559 3564 est,
577 3509 607 3554 ut
624 3500 689 3555 illud
706 3501 815 3576 ὕστερον
833 3500 974 3556 defendam.
1000 3501 1063 3555 Nam
1076 3517 1164 3571 quam-

157 3611 234 3664 quam
252 3593 300 3647 bos
318 3594 399 3649 libros
418 3606 478 3666 poet
495 3596 576 3651 libros
591 3605 629 3650 M.
640 3606 672 3650 N.
683 3606 713 3652 A.
734 3600 889 3668 compositos
909 3615 966 3652 esse
985 3599 1164 3664 demonstravi,

157 3699 184 3746 et
200 3694 227 3745 in
245 3692 308 3745 haur
326 3701 422 3763 portem
441 3695 579 3747 sententiae
598 3689 763 3765 gravissimae
776 3697 890 3748 virorum
910 3694 1041 3749 doctorum
1062 3712 1164 3749 ronces-

157 3798 259 3855 eerunt,
281 3791 326 3843 Ar.
344 3797 428 3866 tamon
446 3795 537 3862 postea
554 3791 602 3845 hoa
620 3791 702 3846 libros
719 3793 911 3862 praepositurus
931 3794 1026 3861 optimo
1047 3791 1107 3859 jure
1126 3791 1165 3844 di·
1265 3835 1268 3846 .

157 3903 213 3942 sere
231 3887 316 3958 potuit
334 3889 452 3944 oxenriov
468 3886 584 3965 ὕστερον.
