2782 4612
654 418 813 430 -μ--υ

228 524 325 580 tuton
349 525 437 601 atque
460 526 594 599 apertum
617 510 807 578 escendimus.
854 511 892 580 Et
917 515 943 578 si
965 513 1041 580 banc
1064 515 1236 582 seutentiam

228 631 284 696 uiri
309 628 388 694 docti
411 629 611 716 probaverint,
640 630 751 717 reliqua
775 631 872 696 omnia
895 629 966 694 biuc
987 628 1069 700 facile
1092 629 1236 705 deducere

227 755 344 832 potero.
379 744 493 812 Etenim
517 748 613 832 capita
637 745 756 832 quidem
777 748 889 832 primae
912 745 1121 830 philosophiae
1137 745 1189 816 cir.
1207 747 1236 815 lu

227 860 310 926 libris
325 851 469 924 Μ.Ν.Λ.
485 859 656 939 tradiderat,
680 860 732 926 sed
757 874 790 926 ut
804 860 877 926 baec
892 860 1028 928 doctrina
1047 859 1168 927 indensis
1182 863 1235 926 im·

181 953 185 968 ’
227 977 345 1064 petibus
368 979 503 1042 resistere
525 989 636 1064 posset,
659 977 787 1042 firmiore
808 998 842 1044 ae
858 975 1000 1044 validiore
1015 973 1234 1042 substructione

228 1113 304 1178 opus
334 1091 399 1158 luit.
446 1090 496 1158 Sic
521 1094 619 1156 omnia
641 1093 677 1158 de
699 1095 794 1180 primo
819 1105 934 1158 motura
956 1105 1115 1180 praccepta
1136 1103 1235 1178 proto·

227 1220 339 1294 guntur
353 1210 438 1294 quasi
462 1227 528 1272 arca
551 1207 684 1272 doctrina
707 1207 743 1273 dc
766 1212 899 1294 potentia
923 1219 952 1272 et
974 1221 1052 1274 actu.
1087 1207 1136 1274 Ad
1158 1207 1235 1278 butte

226 1323 381 1408 scopulum
397 1323 451 1387 Ar.
466 1344 526 1388 non
549 1321 638 1387 modo
662 1324 770 1408 placita
785 1323 1005 1390 Platonicorum
1028 1304 1157 1410 adligare
1173 1335 1235 1388 stu·

228 1437 292 1502 duit
307 1434 358 1518 (Ν.
375 1433 541 1518 allinit),
566 1437 618 1502 sed
642 1441 727 1502 etiam
751 1442 844 1525 ipsius
868 1439 1033 1506 docuinam
1050 1440 1081 1508 iu
1096 1438 1155 1502 lroc
1170 1437 1234 1505 suu·

226 1553 365 1620 dumento
395 1554 552 1618 collocavit
574 1549 629 1633 (A.
650 1576 675 1618 e.
693 1552 759 1634 Vl).
807 1555 870 1620 Hoc
899 1557 991 1641 igitur
1013 1553 1233 1622 laudamentum

226 1669 416 1736 muniendum
438 1669 512 1748 suits
537 1692 594 1758 (lua
617 1673 648 1735 iu
671 1692 703 1734 re
718 1671 852 1756 potentia
867 1683 1057 1756 atqueaatus
1074 1669 1233 1744 differrent,
1259 1704 1268 1716 =

226 1807 302 1874 quae
324 1782 400 1850 calio
423 1788 498 1850 inter
513 1807 561 1850 aas
577 1785 779 1863 intercederet,
805 1798 872 1880 utra
886 1788 979 1871 prior,
1003 1798 1073 1852 utra
1087 1787 1234 1871 posterior
1270 1849 1276 1856 .

226 1912 313 1976 esset,
337 1903 487 1987 copiosius
511 1914 599 1988 atque
621 1903 787 1966 accuratius
803 1900 1021 1987 explanandum
1037 1900 1103 1967 luit.
1133 1901 1234 1988 Atque

225 2015 302 2080 banc
331 2027 443 2101 partem
466 2015 706 2084 Ar..elaboravit
734 2018 764 2081 in
795 2015 870 2082 libro
896 2017 935 2080 Θ.
981 2015 1094 2083 Deinde
1116 2016 1234 2101 saepius

201 2131 278 2198 ⁴Ar.
308 2131 458 2220 prioribus
493 2133 679 2220 pbilosophis
714 2131 926 2220 exprobrasse,
948 2115 1044 2218 >quod
1068 2132 1234 2198 -eoutrariis

224 2250 378 2334 principiis
401 2258 511 2314 temere
530 2250 615 2315 abusi
630 2251 699 2324 sint,
723 2241 842 2334 supra¹l
856 2247 1093 2334 significavimus.
1122 2247 1234 2314 Placita
1284 2305 1286 2308 .

226 2365 332 2446 igitur,
357 2384 432 2449 quac
456 2387 493 2428 ex
516 2364 589 2428 salsa
610 2364 659 2427 illa
683 2362 817 2427 doctrina
841 2365 888 2426 isti
909 2363 1081 2449 philosophi
1102 2361 1234 2447 deduxe-

224 2489 301 2554 rant,
326 2490 360 2543 ut
382 2478 434 2543 Ar.
459 2478 646 2554 rescinderet,
674 2500 757 2544 suam
780 2478 817 2542 de
840 2481 1047 2553 contrarietate
1070 2477 1253 2553 doctrinam,

225 2614 377 2680 opponere
400 2593 512 2659 debuit.
547 2596 647 2679 Atque
670 2595 767 2679 capita
783 2614 869 2658 verae
889 2593 929 2658 de
952 2595 1108 2672 saumariis
1124 2593 1234 2661 doctri-

167 2683 169 2690 Ι
225 2710 319 2772 trinae
343 2708 371 2772 in
389 2712 431 2771 A.
447 2731 471 2773 c.
489 2709 512 2772 ll
533 2712 663 2795 proponi
686 2730 741 2772 nos
764 2729 824 2772 non
847 2709 942 2774 latuit.
978 2709 1010 2772 ln
1033 2711 1089 2775 bac
1109 2711 1184 2774 enim
1200 2729 1233 2799 re

226 2823 314 2888 cardo
340 2825 533 2889 Aristotclcac
557 2825 708 2898 doctrinae
730 2825 872 2901 uertitur,
906 2823 987 2913 quod
1011 2828 1158 2890 contraria
1180 2819 1233 2890 ex·

217 2933 315 3013 'trema
339 2939 469 3004 membra
491 2940 663 3005 mutationis
686 2942 754 3016 siut,
778 2961 831 3004 nee
854 2939 892 3004 ad
916 2943 1055 3006 elementa
1070 2939 1231 3027 reiipsius,

226 3077 300 3146 quae
330 3069 473 3134 mutetur,
505 3059 680 3146 pertineant.
726 3055 871 3122 ‘Attamen
901 3059 955 3122 vix
978 3059 1030 3123 Ar.
1061 3070 1119 3122 tam
1148 3055 1233 3126 brevi

116 3169 119 3173 ’
225 3171 450 3238 adumbratione
473 3172 530 3240 sibi
545 3172 713 3240 satisfacere
728 3176 836 3260 potuit,
859 3173 948 3239 latius
961 3195 1012 3238 res
1026 3171 1233 3263 exaggeranda

102 3303 105 3312 ·
224 3287 288 3352 luit.
335 3286 468 3364 Accedit,
493 3288 574 3373 quod
596 3289 741 3354 Platonici
764 3290 1005 3380 Pythagoreique
1026 3289 1065 3353 ad
1086 3291 1234 3376 principia

225 3403 372 3468 contraria
388 3402 554 3469 referebant
570 3406 726 3484 unitatem,
751 3405 922 3470 dualitatem
939 3407 1133 3482 munitatem,
1158 3405 1234 3468 mul·

223 3517 378 3584 titudinem
403 3532 432 3584 ct
454 3541 595 3608 aequum,
625 3523 798 3616 inacquum,
831 3525 979 3610 posterius
1003 3533 1100 3586 autern
1123 3521 1234 3608 princi-

222 3637 305 3724 pium
327 3658 432 3702 rursus
456 3639 486 3701 in
510 3619 583 3704 duas
605 3651 704 3727 partes
726 3631 762 3702 τὸ
785 3639 868 3724 μέγα
885 3640 945 3710 ,καὶ
966 3613 1081 3724 prnpdu
1098 3633 1233 3703 dirimere
1258 3629 1261 3634 ¹

282 3877 301 3950 ¹)
324 3897 349 3950 p.
365 3878 409 3934 96.
