2784 4606
585 351 744 448 Q

158 531 285 596 calorem
314 533 432 618 nigrum
461 551 499 594 ex
528 526 659 616 perlecto
683 528 751 593 albo
776 529 874 594 colore
898 532 970 594 oriri
991 530 1044 594 Ar.
1070 531 1166 617 elegit,

159 669 219 734 quo
242 647 418 732 apertiorem
447 667 507 709 rem
534 643 679 710 redderet.
726 644 839 709 Dubito
865 645 1006 733 denique,
1036 668 1105 710 num
1129 646 1167 711 ab

158 783 194 827 eo
216 783 320 839 sensu,
347 783 432 848 quem
449 760 583 848 equidem
603 762 813 846 interpretatus
830 783 904 844 sum,
929 761 1083 826 lectionem
1098 761 1169 826 ἐπεὶ

157 871 217 942 οὖν
244 871 288 960 μὴ
320 871 434 940 λευκὰν
459 876 588 963 flagitari
616 888 694 940 recte
718 875 873 940 Bouitzius
900 880 1045 941 statuerit.
1092 877 1167 942 Nem

157 991 207 1056 illa
230 990 320 1055 verba
343 988 381 1055 οὐ
404 985 519 1054 λευκὸν
541 994 566 1054 si
589 990 714 1075 subjecti
737 992 830 1056 vicem
853 1003 1000 1067 tenerent,
1029 992 1076 1056 vel
1100 1014 1165 1058 cnm
1220 978 1223 981 ’

155 1108 314 1193 participio
337 1107 495 1191 conjuncta
511 1119 616 1182 essent,
640 1107 745 1193 procul
766 1105 858 1170 dubio
874 1106 1079 1171 soloecismum
1096 1129 1166 1173 oon-

158 1223 297 1300 tinereut3
321 1222 419 1286 nescio
436 1234 543 1296 tamen,
568 1243 605 1284 an
621 1221 690 1286 lerri
705 1223 830 1307 possint,
852 1219 1012 1294 dummodo
1030 1221 1066 1286 ad
1082 1245 1166 1308 prae·

157 1334 285 1400 dicatum
309 1339 449 1416 γίγνεται
471 1335 644 1400 referantur.
679 1335 793 1411 Restat,
819 1348 854 1399 ut
867 1334 1000 1400 lraudem
1016 1327 1166 1423 sopbista-

155 1471 231 1524 rum,
257 1471 331 1536 qnae
355 1451 424 1517 huic
447 1453 696 1538 argumentationi
721 1453 806 1526 inest,
832 1471 988 1536 exponam.
1022 1451 1072 1516 lsti
1089 1455 1164 1518 enim

155 1564 261 1628 callide
283 1567 359 1628 inter
374 1564 403 1628 id
427 1565 510 1652 quod
531 1567 571 1630 sit
594 1577 623 1629 et
644 1565 675 1630 id
692 1564 772 1652 qnod
790 1565 843 1629 fiat
858 1565 1071 1652 distinguentes
1087 1580 1165 1634 recte

155 1678 347 1766 colligebant:
386 1674 421 1742 acl
456 1681 644 1762 γιγνόμενον
669 1673 718 1764 μὴ’
748 1674 862 1744 λευκὰν
890 1680 1030 1759 γίγνεται
1057 1680 1092 1744 ἐκ
1120 1679 1162 1769 μὴ

154 1793 246 1867 ὄντος
268 1788 312 1878 μὴ
328 1791 451 1858 λευκοῦ.
484 1795 550 1859 lam
567 1814 632 1860 cum
653 1807 780 1881 utroque
796 1797 826 1858 in
843 1795 975 1860 membro
990 1792 1033 1882 pr}
1050 1793 1165 1862 tante

153 1921 329 1984 recurreret,
353 1912 442 1973 astuti
465 1931 503 1974 ex
525 1906 731 1976 mathematico
748 1931 829 1974 more
846 1933 946 1997 parem
962 1925 1075 1998 partem
1091 1917 1165 1978 utri·

155 2045 214 2110 que
248 2023 379 2088 membro
414 2022 610 2090 detrahebant
641 2039 670 2090 ct
703 2028 845 2112 imperitis
880 2028 983 2092 harum
1019 2050 1163 2116 nugarum

155 2141 268 2224 optimo
288 2140 355 2223 jure
379 2139 515 2226 colligere
537 2139 727 2218 videbantur,
753 2136 789 2204 ccl
812 2137 1003 2224 γιγνόμενον
1024 2143 1165 2226 ylyvspcr

154 2249 190 2316 ta
211 2249 378 2338 ptel'rirroc.
413 2254 506 2341 Atqui
529 2255 602 2319 nibil
626 2277 663 2320 ex
685 2252 727 2339 pel
749 2250 844 2329 ὄντος
858 2257 920 2320 fieri
936 2269 1036 2343 potest
1052 2255 1092 2339 (v.
1110 2257 1162 2336 24,

154 2366 226 2450 25);
251 2391 321 2456 ergo
347 2369 445 2434 album
469 2372 555 2435 simul
578 2383 705 2435 estnon
730 2370 829 2435 album
853 2373 915 2436 sive
939 2374 1064 2459 nigrum.

207 2481 323 2546 loeta
349 2481 377 2548 l.
407 2487 461 2546 eat
492 2481 547 2547 διὰ
574 2489 668 2549 τοῦτο
696 2484 828 2550 πάντων
855 2489 943 2548 αἴτια
971 2490 1087 2563 ταῦτα,
1116 2487 1166 2553 ὅτι

153 2600 219 2662 τῶν
234 2591 353 2661 οὐσιῶν
368 2592 449 2662 ἄνευ
465 2594 522 2662 οὐκ
538 2595 603 2662 ἔστι
618 2594 769 2683 τὰπάθη
785 2602 839 2663 καὶ
854 2595 890 2661 αἱ
904 2599 1048 2685 κινήσεις.
1081 2602 1163 2687 Libri

153 2712 191 2778 Α.
205 2733 291 2799 capp.
302 2712 342 2776 lV
354 2712 422 2778 etV
438 2714 490 2778 Ar.
508 2717 708 2801 quaestionem
725 2717 848 2790 excutit,
866 2737 903 2778 an
919 2719 1049 2780 omnium
1065 2739 1163 2784 rerum

155 2827 255 2892 eadem
278 2809 338 2890 sint
362 2829 506 2914 principia
530 2829 716 2894 an'diversa‘.
762 2828 861 2915 Atque
885 2833 914 2894 in
938 2832 1033 2916 capite
1056 2843 1163 2918 quarto

154 2943 236 3006 bauo·
253 2943 453 3028 quaestionem
470 2943 612 3008 limitibus
636 2943 820 3008 substantiae
843 2943 981 3020 includit,
999 2948 1035 3010 in
1059 2948 1163 3032 quinto
1206 2977 1207 2981 ¹

154 3055 276 3122 eandem
300 3059 501 3143 quaestionem
524 3059 563 3123 ad
585 3059 713 3146 reliquas
736 3059 900 3143 categorias
917 3057 1065 3158 transferi.
1099 3061 1164 3127 Hoc

154 3173 179 3234 si
208 3169 404 3256 probabiliter
425 3185 597 3258 persecutus
625 3190 704 3250 sum,
735 3175 788 3236 vix
817 3172 941 3238 dubium
968 3195 1031 3238 esse
1053 3187 1162 3261 potest,

155 3287 227 3372 quin
254 3285 409 3372 legendum
438 3290 477 3353 sit
505 3291 558 3350 καὶ
585 3283 640 3352 decl
664 3287 757 3353 τοῦτο
780 3287 910 3352 πάντων
933 3291 1022 3352 αἴτια
1044 3287 1161 3355 sobrois

160 3421 248 3466 »eum
272 3402 371 3486 priore
394 3405 488 3488 capite
511 3404 652 3470 omninm'
665 3404 897 3476 substantiarum
916 3405 1077 3468 secundnm
1093 3428 1163 3472 ana-

153 3515 262 3604 logiam
285 3519 451 3582 communia
469 3521 623 3606 principia
651 3520 772 3585 subesse
801 3518 1162 3608 docuerimus,‘reliquae

154 3643 250 3697 autem
274 3635 439 3719 categoriae
463 3633 499 3698 ab
523 3636 579 3700 illis
602 3657 762 3722 suspensae
785 3637 858 3709 sint,
889 3637 1018 3699 omnium
1042 3659 1162 3725 quoqne

94 3725 99 3736 ⁸
154 3750 368 3836 categoriarum
388 3749 487 3816 eadem
518 3773 580 3816 esse
599 3753 743 3838 principia
768 3763 994 3816 consentaneum
1010 3764 1063 3816 est.
1099 3753 1163 3818 Fir·
1196 3786 1198 3789 ·

153 3877 250 3931 matur
272 3885 343 3930 vero
367 3866 439 3930 haec
463 3867 627 3933 emendatio
651 3869 789 3933 extremis
813 3867 902 3952 hujus
926 3869 1029 3954 capitis
1051 3867 1159 3948 verbis,
