2782 4612
654 425 804 436 -.—.-....

223 541 321 585 rerum
344 519 566 585 accidentalium
590 541 694 584 eousss
718 517 855 585 fortuitas
879 541 942 584 esso
964 519 1067 585 iisdem
1093 518 1152 586 iere
1168 541 1236 587 ver-
1319 605 1326 620 ι

223 636 269 702 bis
292 631 344 716 (el.
362 636 417 700 27ἃ
436 635 477 701 12
501 650 530 702 et
552 633 637 717 ⁸31)
660 638 792 722 repetitis
815 637 948 722 legimus.
985 636 1139 702 Praeterea
1163 659 1236 702 eon·

224 753 399 816 elusionem:
435 752 519 814 »fieri
543 751 654 839 aliquid
678 773 731 837 per
753 752 909 816 accidens«
940 752 988 818 bis
1011 755 1165 839 repetitam
1189 735 1236 818 iu·
1299 741 1303 750 ⁵

223 871 357 932 venimus
381 865 436 931 27ἃ
454 865 560 932 8-11
588 880 616 930 et
639 863 694 930 27⁴·
713 863 763 942 16,
779 865 830 932 17.
858 866 960 931 Verba
983 866 1110 954 deniqne
1133 864 1235 953 ἀρχὴν

225 981 262 1046 ot
283 983 373 1067 τηνδὶ
395 981 533 1066 ληπτέον
556 983 666 1070 optime
689 985 718 1045 in
742 981 838 1047 leonte
859 982 1119 1048 demonstrationis
1137 995 1236 1049 essent

224 1101 337 1184 posita,
369 1101 464 1162 miuus
489 1111 557 1184 apte
579 1098 678 1162 finitae
702 1100 950 1184 argumentationi
973 1097 1133 1164 adduntur.
1180 1099 1235 1164 llis

224 1214 314 1278 rebus
332 1212 475 1278 'omuibus
499 1213 692 1278 consideratis
715 1235 754 1276 ex
776 1216 983 1278 contaminatis
1000 1215 1124 1300 geminis
1140 1235 1235 1301 expo-

224 1327 383 1392 sitionibus
412 1329 465 1394 has
494 1327 598 1392 turbas
627 1331 770 1394 excitatos
794 1351 858 1393 esse
882 1329 966 1395 valde
989 1329 1143 1394 verisimile
1170 1349 1235 1396 esse

225 1441 352 1507 videtur.
909 1507 913 1512 .

293 1555 392 1622 1041ἃ
409 1557 461 1623 28.
491 1562 585 1622 τοῦτο
615 1555 727 1625 δ’ἐστὶ
755 1553 791 1625 ad
815 1562 846 1622 τί
871 1553 1031 1643 aiveinos,
1061 1556 1104 1634 ὡς
1133 1559 1235 1626 simtu

223 1672 366 1753 λογικῶς.
411 1673 522 1761 Spurio
546 1677 616 1739 baeo
640 1675 730 1740 verba
754 1695 817 1739 esse
840 1673 928 1738 Alex.
952 1687 982 1740 et
1005 1671 1155 1762 Sohwegl.
1181 1675 1235 1742 do·

225 1803 359 1855 suerunt.
404 1788 559 1853 Bonitaius
582 1789 669 1855 Alex.
694 1792 723 1854 in
748 1789 811 1855 obs.
836 1811 867 1875 p.
885 1786 950 1854 130
972 1788 1178 1877 adstipulatus,
1202 1793 1232 1856 in

225 1905 353 1969 editione
377 1904 556 1968 obluctatur.
603 1905 767 1990 Atque-ut
795 1925 912 1969 eausam
935 1902 1050 1970 finalem
1075 1905 1112 1970 ad
1136 1907 1235 1974 notio-

226 2041 291 2084 nem
320 2018 542 2084 substantialem
572 2023 710 2106 restringi
742 2041 831 2106 posse
860 2019 1007 2095 ebneedo,
1045 2022 1087 2086 sie
1115 2041 1235 2088 eausam

224 2135 363 2200 move'ndi
387 2130 436 2214 (ed
453 2137 485 2199 τί
498 2133 620 2220 ἐκίνησε
634 2133 776 2219 πρῶτον)
792 2133 963 2222 obstrepere
979 2135 1136 2202 eouteodo.
1171 2135 1234 2202 Nee

224 2252 318 2317 forma
347 2251 466 2318 artificis
497 2263 593 2315 mente
623 2263 779 2336 eoneepta,
815 2251 866 2316 sed
896 2250 1002 2316 artilex
1030 2254 1098 2338 ipse·
1122 2263 1232 2318 movet.

222 2369 325 2455 ltaque
348 2369 521 2430 sententiam
542 2367 660 2430 illorum
676 2365 835 2431 verborum
851 2366 1019 2442 Aristotelis
1037 2367 1155 2454 quidem
1171 2367 1235 2455 pla·

225 2487 291 2548 eitis
320 2481 555 2557 accomodatam,
587 2480 639 2546 sed
668 2503 733 2546 oum
761 2486 895 2570 sequenti
924 2477 1130 2548 enuntiatione
1153 2482 1235 2548 baud

225 2621 373 2686 quaquam
397 2599 580 2663 eouoiliatam
605 2618 668 2661 esse
684 2618 798 2661 censeo.
834 2597 914 2681 Quid
929 2601 1021 2685 igitur
1036 2596 1232 2686 probabilius,

226 2735 313 2801 quam
336 2715 389 2780 Ar.
419 2714 467 2777 illa
490 2712 582 2777 verbo
609 2711 708 2778 obiter
734 2716 764 2777 in
786 2717 925 2802 ¹margine
949 2713 1104 2800 adjecisse,
1134 2733 1234 2778 euram

226 2843 321 2894 autem
346 2830 526 2916 adjectarum
550 2841 688 2892 notarum
713 2849 778 2893 eum
801 2834 896 2917 primo
920 2840 1005 2896 textu
1029 2828 1235 2916 conglutinan-

165 2921 168 2927 Ι
225 2944 329 3030 darum
352 2948 381 3008 in
407 2943 538 3008 loturum
562 2955 678 3029 tempus
701 2945 890 3031 seposuisse?
960 2937 970 2946 ‘'
1265 3007 1266 3010 ,

294 3058 393 3124 10471)
409 3057 438 3123 3.
462 3059 492 3122 si
506 3056 535 3123 δ’
552 3058 616 3122 ἐστὶ
630 3054 666 3122 τὰ
682 3059 850 3145 εἰρημένον
861 3053 1032 3150 δννατόνῇ
1046 3055 1233 3134 duetorem,

207 3171 370 3260 ,φανερὰν
392 3172 442 3238 ὅτι
469 3170 528 3238 οὐκ
555 3171 717 3254 ἐνδέχεται
745 3172 870 3259 ἀληθὲς
897 3176 981 3240 εἶναι
1003 3169 1040 3238 ed
1062 3174 1162 3240 εἰπεῖν
1184 3143 1234 3239 du

226 3286 367 3357 elwarde
380 3292 440 3372 μὲν
454 3287 534 3364 τοδί,
544 3285 614 3352 οὐκ
635 3286 723 3352 ἔσται
738 3289 784 3354 δέ.
809 3289 885 3356 Cum
901 3291 956 3355 hae
972 3293 1002 3369 in
1018 3290 1234 3356 enunciationis

226 3406 458 3472 conformatione
481 3406 648 3469 necessario
671 3399 707 3470 τὰ
731 3406 898 3492 εΐρημένον
921 3404 1063 3489 subjecti,
1093 3397 1234 3471 δυνατὸν

225 3521 388 3608 praedicati
410 3533 508 3608 partes
531 3521 712 3597 sustineant,
737 3521 909 3609 ambiguum
932 3533 990 3596 est,
1016 3519 1088 3606 quid
1106 3521 1147 3586 sit
1161 3517 1234 3586 illud

225 3637 400 3722 εἰρημένον.
432 3636 507 3702 Nam
530 3658 590 3700 non
614 3657 715 3714 unum,
740 3636 792 3702 sed
809 3637 952 3724 permulto
971 3635 1106 3723 exempla
1128 3647 1234 3723 peteu-

225 3756 283 3820 tiae
315 3756 346 3818 iu
379 3755 480 3841 priore
510 3755 605 3838 eapite
639 3753 726 3818 allata
756 3762 835 3820 suut.
881 3751 944 3818 Nee
973 3753 1092 3818 omnino
1122 3760 1234 3822 eertum

226 3869 401 3956 exemplum,
425 3869 477 3936 sed
500 3868 643 3955 generalis
666 3871 810 3968 sententia
833 3881 1032 3958 exspectatur.
1064 3866 1152 3936 Unde
1176 3865 1233 3930 lieo
1290 3939 1294 3946 .
