2784 4606
42 1881 46 1955 j
146 1831 345 1962 integriorem
376 1889 491 1942 textum
515 1877 682 1941 Aristotelia
712 1877 855 1942 librorum
886 1876 1155 1963 metaphysieorum

145 1992 232 2076 primi
254 1995 364 2056 nostris
388 1992 572 2079 temporibus
589 1989 760 2056 Braudisius
780 2003 809 2054 et
825 1989 986 2068 Bekiterus,
1011 1994 1067 2055 viri
1090 1991 1156 2054 ittu-

145 2106 296 2183 strissimi,
321 2109 431 2192 majore
455 2107 589 2171 codicum
606 2110 691 2191 copia
709 2109 844 2169 instructi
860 2109 1062 2172 restituerunt.
1095 2103 1156 2170 Sed

146 2241 211 2283 eum
229 2219 379 2285 Bekkerus
403 2222 467 2286 sota
490 2221 549 2286 iere
572 2221 716 2286 librorum
740 2223 1008 2306 manuscriptorum
1025 2219 1082 2282 fidc
1099 2217 1157 2282 ire·

144 2347 194 2398 tus
218 2348 254 2399 et·
269 2347 400 2401 vetustas
424 2337 568 2402 editiones
592 2351 621 2402 et
643 2338 816 2424 gravissima
840 2338 1006 2400 testimonia
1023 2347 1155 2398 ueterum

51 2448 54 2457 '
145 2463 407 2516 commentatorum
423 2455 614 2539 seposuissct,
640 2450 803 2528 Bonitzius,
826 2454 873 2514 vir
887 2452 1102 2537 sagacissimus,
1128 2461 1156 2514 et

53 2578 57 2593 '
145 2564 221 2629 hanc
244 2567 425 2652 provinciam
450 2571 589 2652 suscepit,
614 2578 651 2644 et,
677 2565 758 2653 quod
782 2569 906 2630 maxime
925 2563 1086 2652 praedices,
1112 2567 1156 2627 in-

145 2683 232 2765 genio
257 2693 286 2744 ct
308 2685 441 2746 acumine
457 2683 620 2769 permultos
635 2683 717 2745 locos
735 2683 851 2768 egregie
866 2684 990 2744 sanavit.
1023 2679 1155 2744 Eandem

145 2797 221 2865 viam
249 2798 401 2883 ingressus
424 2795 633 2884 Schwegicruc
664 2799 778 2860 minora
808 2795 926 2882 quidem
958 2794 1009 2859 sed
1040 2797 1155 2880 etipse

145 2909 223 2974 haud
255 2911 419 2997 spernenda
448 2913 604 2997 praestitit.
652 2910 815 2976 Consilium
846 2923 942 2974 autem
971 2921 1000 2974 ct
1023 2909 1155 2974 ordinem

61 3006 66 3069 ἶ
144 3023 251 3088 horum
282 3025 425 3090 librorum
450 3049 515 3090 eum
540 3027 589 3091 alii
612 3026 770 3102 infelicius,
804 3037 865 3089 tum
890 3026 997 3088 eximia
1022 3024 1155 3088 doctrina

63 3116 69 3227 ξ
146 3151 174 3203 ct
203 3153 290 3204 acuta
320 3145 479 3229 sagacitate
509 3141 680 3205 Brandisius
697 3135 717 3221 ¹)
741 3140 905 3204 Ravnisson
920 3134 943 3222 ¹)
968 3132 1155 3218 Bonitzius')

67 3254 70 3269 '
146 3273 247 3319 eruere
270 3257 382 3320 connisi
406 3269 484 3322 sunt.
518 3255 717 3322 Nihilominus
740 3277 799 3320 non
823 3275 918 3342 pauca
934 3267 1055 3332 restant,
1080 3275 1155 3340 quae

144 3393 356 3406 monna—*onnu—

203 3456 221 3522 ¹)
245 3454 409 3510 Deukachriit
428 3456 472 3509 der
490 3455 557 3510 Berl.
577 3456 658 3510 Atat.
678 3453 755 3528 1834.
780 3473 804 3526 p.
817 3451 937 3522 tit-875
963 3462 988 3508 et
1007 3451 1156 3530 Geschichte

146 3549 190 3605 der
209 3551 532 3608 Griechiseh-Rdmischcn
551 3552 725 3624 Philosophie.
752 3549 828 3608 Theil
846 3552 881 3606 11.
904 3550 1015 3606 nuchul.
1034 3549 1069 3602 il.
1089 3556 1156 3604 crata
1246 3575 1250 3586 ·

75 3626 79 3669 ²
144 3647 239 3702 nator.
947 3655 953 3666 ·

201 3750 222 3810 ¹)
245 3747 319 3799 Eusai
338 3765 383 3801 sur
401 3745 426 3800 la
443 3746 639 3820 Mc'taphyaiquc
659 3745 806 3801 d'Aristote.
832 3745 904 3799 Paris
919 3739 996 3800 1837.
1016 3749 1078 3798 tom.
1091 3739 1113 3797 1.

202 3843 223 3910 ¹)
248 3843 358 3914 Metaph.
377 3853 439 3898 tom.
453 3843 487 3900 11.
506 3863 530 3915 p.
545 3841 649 3900 1-35.

944 3940 959 3993 l
