2784 4606
648 332 808 430 ’,ο-ο*

221 507 371 598 ἡπρώτη
394 511 413 596 ἢ
437 509 472 576 ἓν
487 507 607 597 ἑκάστῳ
630 521 659 575 et
682 507 773 574 habes
797 511 970 574 sententium
993 509 1085 572 multo
1100 507 1230 592 *nitidio-

221 649 291 692 rem.
336 625 411 691 Nam
440 628 492 692 Ar.
523 649 584 690 non
612 647 744 712 premere
774 625 851 690 vult:
883 624 961 690 unde
989 628 1100 711 primus
1133 637 1231 690 motus

220 743 310 807 rebus
332 745 450 808 innatus
467 755 520 819 est,
545 742 597 807 sed
613 741 644 806 id
659 754 786 828 spectat:
812 741 889 810 unde
905 743 1018 828 primus
1034 755 1132 806 motus
1149 735 1231 827 (pre-

220 857 384 941 fieiseitur)‚
409 862 459 945 qui
483 859 571 924 rebus
594 861 700 923 insitus
724 861 771 922 sit.

212 985 215 990 '
290 973 389 1040 1015*
413 973 463 1040 11.
493 974 663 1060 μεταφορᾷ
691 969 723 1037 d'
747 972 807 1058 ἤδη
836 976 890 1036 καὶ
919 971 1002 1048 ὅλως
1024 973 1115 1036 πᾶσα
1137 969 1231 1038 edula

221 1085 317 1176 φύσις
346 1091 471 1169 λέγεται
500 1087 556 1154 ded
585 1089 712 1173 ταύτην,
741 1086 791 1153 ὅτι
820 1091 874 1151 καὶ
901 1086 921 1172 ἢ
951 1088 1046 1173 φύσις
1068 1083 1163 1153 edula
1183 1091 1231 1162 τίς

222 1203 316 1269 ἐστιν.
348 1205 460 1281 Rebus,
486 1228 561 1292 quae
584 1217 690 1268 natura
714 1215 851 1268 creantur
867 1199 907 1283 (v.
924 1201 961 1268 11
987 1204 1042 1288 τῆς
1055 1201 1229 1284 γενέσεως),

221 1320 403 1385 substantiae
419 1323 583 1396 universae,
604 1333 632 1384 et
648 1332 753 1383 natura
770 1330 925 1405 generatae
942 1330 970 1382 et
991 1332 1053 1383 arte
1069 1319 1228 1395 coniectae,

222 1449 429 1522 opponuntur,
461 1458 535 1523 quas
560 1449 589 1500 et
611 1437 691 1521 ipsas
714 1447 838 1522 propter
858 1434 983 1529 'sormam
1006 1431 1077 1514 (διὰ
1098 1430 1230 1517 ταύτην)

221 1549 333 1633 φύσεις
355 1553 496 1637 appellari
519 1551 572 1615 Ar.
598 1551 677 1614 dicit.
718 1549 783 1613 darn
808 1571 883 1636 quae
906 1561 1073 1636 sequuntur
1095 1550 1230 1636 equidem
1284 1627 1286 1632 ι

154 1739 157 1746 ,
221 1687 281 1729 non
305 1669 467 1752 perspicio:
491 1664 541 1730 ὅτι
562 1669 626 1729 καὶ.
638 1711 646 1728 .
659 1711 687 1728 ..
717 1665 831 1730 Etenim
848 1687 913 1728 eum
931 1685 1032 1728 omnes
1048 1665 1230 1728 substantias

221 1781 332 1866 φύσεις
350 1783 418 1866 jure
441 1781 515 1859 diei,
540 1793 627 1868 alque
648 1784 735 1844 etiem
756 1802 803 1844 res
824 1781 988 1844 artificiales
1010 1781 1228 1867 quodammodo

221 1908 393 1960 naturarum
423 1896 594 1980 dignitatem
624 1895 682 1959 sibi
704 1894 854 1959 vindicare
884 1891 920 1979 (ἢ
943 1898 1035 1984 τέχνῃ
1061 1899 1229 1979 γιγνομένη

222 2007 315 2076 edula
343 2010 438 2096 φύσις
466 2013 513 2085 τίς
541 2009 638 2091 ἔστιν)
661 2011 715 2076 Ar.
741 2009 1002 2075 demonstrandum
1030 2009 1135 2088 luerit,
1171 2033 1231 2075 non

153 2128 157 2133 ’
222 2125 324 2192 afferre
340 2125 453 2203 debuit,
471 2139 605 2191 naturam
623 2149 685 2191 esse
701 2127 896 2191 substantiam
913 2127 1070 2213 quendam.
1097 2126 1227 2202 Accedit,

221 2242 304 2330 quod
319 2242 403 2307 valde
427 2242 550 2307 dubium
576 2257 628 2320 est,
654 2265 713 2329 quo
738 2265 825 2306 sensu
848 2239 867 2326 ἢ
889 2242 999 2327 φύσις,
1025 2265 1111 2330 quam
1128 2263 1229 2306 voeern
1287 2309 1291 2317 ,

205 2358 320 2424 multis
344 2358 439 2421 modis
463 2361 599 2445 usurpari
620 2359 672 2423 Ar.
697 2357 754 2421 hoe
777 2360 842 2442 ipso
867 2360 963 2444 eapite
986 2373 1095 2434 monet,
1120 2361 1176 2423 hoe
1198 2361 1229 2422 in

104 2497 114 2505 ·
220 2473 287 2538 locu
312 2472 479 2560 accipienda
503 2476 551 2538 sit.
586 2472 688 2560 Neque
705 2473 874 2537 Alexander
888 2474 964 2538 hane
986 2475 1140 2540 lectionem
1164 2488 1229 2539 ente

221 2590 324 2654 oeulos
346 2589 485 2653 habuisse
503 2589 629 2653 videtur.
660 2590 723 2652 Aut
744 2589 791 2652 illa
807 2588 897 2653 verba
920 2592 949 2652 in
966 2602 1050 2654 textu
1067 2589 1229 2656 Alexandri
1323 2607 1327 2614 ·

220 2705 385 2781 defuerunt,
406 2681 440 2770 ¹et
453 2718 558 2791 postea
575 2727 612 2769 ex
627 2727 767 2790 perverso
784 2706 958 2790 glossemate
975 2709 1004 2769 in
1021 2719 1135 2770 textum
1150 2707 1230 2769 illata

221 2835 305 2898 sunt,
336 2834 387 2885 aut
410 2820 579 2884 Alexander
602 2821 658 2884 tale
689 2820 761 2906 quid
785 2821 901 2886 hebuit:
937 2820 986 2885 ὅτι
1008 2819 1027 2906 ἡ
1051 2822 1116 2886 τῶν
1137 2823 1229 2910 τέχνῃ

219 2917 418 3017 γιγνομένοον
441 2928 536 2998 edula
560 2933 655 3018 φύσις
676 2937 722 3007 τίς
746 2935 838 3001 ἐστιν.

175 3051 180 3060 ”
223 3043 225 3050 ⁴
290 3048 388 3115 1016b
413 3047 462 3114 17.
492 3045 528 3113 τὰ
561 3050 597 3113 δὲ
626 3049 673 3114 ἑνὶ
695 3051 779 3114 εἶναι
801 3046 883 3135 α’ρχῆ
908 3054 969 3115 τινί
991 3039 1230 3137 ἐστιν’ἄριθμῷ

220 3163 318 3240 οἴνοις
342 3162 424 3256 ἀρχῇ
447 3166 513 3232 eod.
539 3165 594 3230 Ab.
634 3167 666 3230 ln
691 3166 882 3252 sequentibus
906 3168 957 3231 Ar.
983 3143 1152 3254 neutiquam
1177 3167 1229 3229 do-

221 3292 283 3355 cet,
313 3283 455 3344 unitatem
484 3283 661 3368 principium
687 3285 800 3345 numeri
825 3305 901 3357 esse,
932 3282 983 3346 sed
1006 3305 1040 3346 ee
1063 3282 1171 3359 tendit,
1197 3295 1230 3346 ut

220 3397 376 3471 unitatem,
407 3399 531 3482 primurn
562 3399 693 3461 omnium
722 3419 819 3461 rerum
847 3398 1030 3483 cognitarum
1053 3419 1227 3474 mensuram,

220 3505 316 3595 (ἀρχῆ
336 3505 466 3576 οὖντοῦ
484 3513 628 3592 γνωστοῦ
643 3517 715 3599 περὶ
733 3511 919 3591 ἕκαστον)
939 3516 1115 3600 principium
1134 3511 1229 3600 quod·
1267 3505 1270 3512 ’

221 3624 289 3689 dam
312 3647 375 3691 esse
398 3627 514 3712 probet.
565 3627 622 3711 Qui
646 3631 855 3693 sententiarum
880 3651 974 3693 nexus
1001 3629 1229 3696 luculentissime

221 3754 344 3836 apparet
362 3765 400 3830 ex
415 3746 553 3829 proxima
569 3747 775 3809 enunciatione
792 3765 908 3808 eausam
924 3747 966 3809 rei
982 3749 1153 3832 propositae
1170 3757 1228 3808 tre·

221 3854 302 3930 denti
322 3850 358 3919 ad
381 3852 444 3948 γὰρ
460 3859 719 3945 devitaremque
735 3856 870 3947 (primam
887 3863 963 3925 enim
982 3883 1147 3926 mensuram
1163 3859 1228 3923 uni-
