2784 4606
662 441 820 456 m—

236 531 285 604 ὅτι
303 571 340 588 -
357 531 508 618 μεγεθῶν
527 533 589 600 sire
613 532 650 600 sd
674 547 848 602 concentum
875 545 996 600 naturae
1020 535 1076 604 loci
1100 537 1247 626 cujusque

237 649 370 716 coelestis
393 662 422 713 et
445 651 574 715 notionis
598 649 664 716 loco
689 652 837 736 injunctae
860 651 1003 718 trahenda
1027 673 1099 718 esse.
1146 653 1246 746 Atque

237 765 335 853 aliqua
363 776 441 830 certe
470 787 507 832 cx
536 779 621 853 parte
645 768 717 832 baec
739 767 897 854 explicatio
921 789 956 833 eo
980 768 1142 854 probatur,
1174 773 1246 860 quia

235 903 267 946 re
290 903 359 946 vcra
383 880 552 948 dualitatem
575 884 637 948 sive
660 886 800 950 incertam
825 885 993 970 opinionem
1017 879 1148 966 (δόξαν)
1172 885 1244 954 sub-

235 997 330 1068 luuari
346 1001 459 1086 regioni
474 994 554 1079 (τοϊς
568 998 622 1084 τῆς
637 997 899 1085 φολομοταβάλοο
910 998 1074 1082 revincere)
1082 994 1102 1084 ¹)
1119 997 1245 1066 ἔπτᾶδοο

235 1127 330 1185 autem
360 1116 423 1181 sive
438 1171 440 1175 ,
452 1116 565 1200 justam
594 1119 847 1202 opportunitatem
877 1113 1031 1200 (saepiu)
1060 1116 1245 1203 plancterutn

157 1221 164 1233 ⁸
235 1231 399 1298 admirabili
423 1234 606 1298 constantiae
622 1228 756 1318 (κόσμῳ)
770 1227 791 1316 ¹)
811 1234 976 1319 injunxisse
998 1222 1146 1300 videntur.
1183 1231 1244 1301 Sed

235 1346 385 1435 quomodo
408 1346 508 1412 eadem
524 1350 600 1414 ratio
617 1348 655 1414 ad
670 1349 800 1437 reliquos
816 1369 954 1415 numeros
969 1348 1122 1416 transferri
1137 1350 1244 1436 possit,
1356 1433 1363 1444 ι

235 1462 369 1550 equidem
392 1463 524 1530 nondum
543 1466 707 1552 perspieio3
731 1467 888 1552 peritiores
902 1477 932 1532 et
948 1467 1115 1553 argutiores
1130 1466 1244 1534 utinam

124 1662 128 1669 .
234 1578 309 1644 benc
331 1591 444 1666 partem
468 1582 642 1666 respiciant!

300 1693 380 1760 990⁵
396 1693 426 1760 0.
450 1691 533 1759 καθ’
544 1698 679 1762 ἕκαστον
693 1691 756 1783 γὰρ
772 1693 984 1782 episcoparet
999 1693 1073 1772 doce,
1087 1688 1244 1780 salmonei

233 1805 291 1888 cde
313 1803 424 1887 adulor
445 1810 510 1877 suiv
523 1834 557 1876 rs
579 1807 701 1888 ἄλλων,
726 1805 772 1876 civ
794 1811 879 1876 tecto
898 1815 934 1876 ἓν
950 1809 1003 1876 tut
1024 1808 1167 1888 πολλῶν,
1189 1813 1245 1876 eet

234 1924 287 1990 tut
314 1924 418 2004 οοτςδο
444 1931 497 1989 καὶ
525 1925 578 1992 ieci
600 1935 666 2002 ecte
689 1922 815 2002 clidium.
856 1926 1029 1994 Alexandro
1053 1940 1175 1994 auctore
1198 1949 1244 1994 re·

175 2037 177 2042 ’
235 2043 379 2110 centiorcs
402 2044 575 2131 interpretes
600 2056 731 2110 extrema
747 2043 837 2108 verba
860 2043 896 2108 de
920 2042 1087 2110 discrimine
1105 2045 1182 2110 inter
1196 2065 1243 2113 res

206 2157 212 2169 '
234 2161 366 2227 interitui
390 2160 536 2227 obnoxias
560 2159 715 2248 sideraque
740 2160 877 2226 eoelestia
893 2162 1078 2245 interprettti
1093 2171 1172 2226 sunt.
1197 2158 1244 2228 'At

233 2275 408 2364 numquarn',
439 2276 519 2364 quod
548 2279 653 2353 seiam,
690 2275 728 2340 nd
758 2276 814 2340 boc
845 2276 1001 2342 discrimen
1030 2275 1244 2362 designandum

234 2393 279 2457 bis
303 2393 401 2456 verbis
425 2390 477 2456 Ar.
503 2413 574 2455 usus
598 2403 656 2468 est,
690 2412 785 2478 neque
809 2392 857 2456 bic
880 2413 897 2456 a
919 2366 1043 2456 solemni
1066 2413 1122 2456 usu
1146 2390 1244 2458 recedi

235 2507 331 2585 debet,
357 2531 394 2574 ex
417 2530 478 2596 qno
502 2507 585 2574 ideae
608 2521 637 2573 et
659 2530 707 2572 res
730 2507 881 2574 sensibiles
905 2508 962 2572 boc
985 2509 1051 2595 ipso
1076 2507 1243 2577 discrimine

234 2624 271 2689 ab
284 2625 337 2689 Ar.
354 2623 495 2711 distingui
511 2625 607 2690 solent
619 2623 655 2690 cl'.
671 2622 751 2690 99st
769 2622 824 2699 12,
850 2621 929 2688 99712
945 2622 975 2699 7,
991 2621 1047 2702 12,
1074 2621 1173 2690 1010l
1189 2620 1241 2699 31,

236 2737 402 2806 106017.
435 2741 558 2808 Accedit
581 2739 663 2828 quod
679 2739 844 2816 bonimius,
868 2739 1031 2806 Alexandri
1048 2740 1244 2827 explicatione

234 2857 370 2944 probata,
396 2856 494 2921 verbis
517 2856 581 2921 τῶν
596 2851 708 2920 ἄλλων
730 2857 857 2943 reliquas
880 2858 1044 2944 categorias
1068 2855 1242 2920 substantiis

235 2975 347 3059 opponi
370 2975 492 3051 censuit,
518 2972 565 3036 cui
589 2974 721 3058 opinioni
745 2971 801 3037 bac
825 2971 860 3036 de
884 2993 972 3036 causa
997 2971 1171 3058 adstipuleri
1192 2992 1243 3036 ne·

234 3110 328 3176 queo,
353 3089 421 3176 quia
446 3087 599 3152 manifesto
625 3085 701 3152 inira
725 3086 840 3153 demum
864 3083 906 3168 (v.
926 3087 968 3154 22
992 3084 1039 3151 icc
1062 3085 1110 3169 ds)
1134 3086 1170 3152 dc
1188 3087 1243 3153 bac

234 3202 369 3268 imbecilli
393 3217 477 3290 parte
493 3203 645 3270 doctrinae
660 3203 793 3270 idearum
809 3225 895 3292 agere
910 3205 963 3269 Ar.
981 3202 1106 3270 orditur.
1141 3204 1243 3290 ltaque

235 3321 297 3406 ipsc
321 3322 470 3384 notionem
495 3316 605 3396 οὐσίας
627 3320 770 3385 limitibus
793 3323 904 3405 primae
927 3320 1111 3385 substantiae
1126 3318 1173 3384 vel
1189 3341 1244 3404 po·

233 3437 292 3501 tius
316 3435 539 3502 indivisibilium
562 3439 725 3524 specierum
749 3432 869 3518 (ἄτομα
884 3433 968 3520 εἴδη)
990 3437 1032 3500 ita
1055 3435 1185 3510 includo,
1209 3446 1245 3500 nt
1371 3507 1372 3514 χ

234 3551 426 3638 sequentibus
443 3552 542 3619 verbis
564 3552 628 3618 cciv
643 3550 752 3616 ἄλλων
770 3554 882 3638 species
905 3572 1072 3640 generaque
1096 3551 1243 3637 designari

239 3719 447 3730 .-.—-.—.—-—-

293 3816 311 3881 ¹)
335 3815 450 3882 roseth,
481 3816 589 3872 Philolai
612 3815 677 3890 frag.
697 3812 731 3870 17
757 3815 788 3871 ei.
815 3815 871 3870 cod.
890 3815 966 3870 bour.
991 3816 1017 3870 in
1041 3813 1121 3870 schol.
1144 3813 1183 3868 ed.
1207 3830 1242 3867 nc.

234 3929 258 3984 p.
275 3909 340 3966 560⁸
351 3909 394 3968 31.
