2784 4606
662 345 821 446 —rs—

235 525 417 596 serebantur.
454 523 529 594 (ium
554 537 651 592 antem
674 527 815 614 pleraque
837 547 907 612 pars
930 523 988 588 hoo
1004 520 1093 588 modo
1110 523 1246 588 exemeri

235 667 299 713 non.
311 646 415 732 possit,
433 646 553 709 omnino
565 643 614 708 ilia
627 644 796 730 conjectura
809 641 845 706 de
859 637 1076 706 necessitudine
1088 637 1153 703 eod.
1162 637 1204 703 Ab
1218 649 1248 702 et

235 760 398 826 Alexandri
421 759 563 824 mittenda
583 772 636 836 est,
660 759 818 824 tenendum
836 769 933 822 autem
949 755 1080 820 codicem
1096 753 1138 818 Ab
1153 756 1246 838 magis

236 878 356 963 reliquis
380 874 533 941 codicibus
557 873 730 940 Alexandro
754 872 909 951 accedere3
939 891 1080 936 numerus
1104 871 1179 934 enim
1201 869 1246 932 lo·

236 1013 349 1066 eorum,
374 990 537 1077 inquibus
561 990 656 1056 codex
679 989 721 1054 Ab
743 1010 820 1054 unns
844 1009 909 1054 curn
931 985 1103 1052 Alexandro
1128 988 1247 1070 conspi-

235 1121 289 1183 ret,
314 1108 401 1194 longe
418 1127 494 1182 enm,
519 1106 571 1170 ubi
589 1127 666 1170 unus
684 1105 825 1182 discedat,
845 1115 974 1190 superet.
1006 1102 1080 1178 darn,
1100 1113 1134 1165 nt
1150 1101 1246 1186 capita

236 1223 326 1307 huJ'us
356 1222 566 1307 disputationis
595 1223 688 1306 partis
717 1221 908 1306 complectare
939 1219 1056 1284 codices
1084 1218 1179 1280 nostri
1209 1237 1246 1278 ex

236 1336 318 1402 ionte
342 1349 498 1401 manarunt
520 1335 693 1400 Alexandro
717 1338 836 1421 ignoto,
864 1335 962 1422 eliqua
985 1346 1083 1399 autem
1106 1331 1247 1397 affinitate

237 1453 396 1537 exemplar,
421 1450 500 1516 unde
524 1449 619 1514 codex
642 1451 684 1514 Ab
706 1450 896 1516 deducendus
920 1463 973 1528 est,
999 1471 1064 1514 curn
1083 1445 1246 1513 Alexandri
1288 1477 1295 1497 ·

236 1580 321 1632 textu
346 1568 536 1651 conjunctum
559 1565 624 1630 init.

303 1681 389 1748 Nunc
413 1683 528 1746 demum
553 1681 589 1746 de
613 1681 908 1767 interpolationibus,
935 1680 1133 1768 quibuscum
1158 1679 1247 1741 ceteri

237 1797 354 1863 codices
379 1811 442 1864 turn
466 1797 563 1862 codex
586 1797 627 1862 Ab
648 1799 794 1882 inquinati
818 1799 891 1872 sint,
923 1795 1142 1882 disceptaturus
1170 1813 1245 1857 suns.

237 1915 336 2000 Atque
365 1916 491 1998 primurn
522 1915 718 1998 integritatem
749 1911 815 1976 eod.
833 1911 874 1975 Ab
897 1922 1071 1998 argumento
1100 1931 1138 1974 ex
1160 1911 1247 1972 innu-

237 2030 324 2092 meris
359 2028 471 2092 mendis
503 2027 737 2114 corruptelisque
772 2031 865 2112 petito
896 2025 1011 2090 delendi
1039 2011 1130 2112 posse
1158 2046 1245 2111 nego.

236 2143 312 2208 Tam
342 2145 433 2208 multa
463 2145 539 2207 eninr
567 2146 597 2205 in
625 2143 692 2233 cod.
709 2141 751 2207 Ab
774 2142 820 2206 vel
849 2141 934 2228 lapsu
959 2140 1077 2216 oalomi,
1107 2140 1152 2204 vel
1177 2161 1248 2203 eom-

233 2261 388 2344 junctione
411 2281 523 2335 eorum,
547 2279 622 2345 quae
646 2258 775 2343 disjungi
800 2257 936 2333 debeant,
960 2257 1007 2321 vel
1030 2257 1247 2342 permutatione

237 2375 384 2438 vocalium
408 2385 529 2459 peecata
552 2385 636 2448 sunt,
661 2384 695 2435 ut
718 2372 829 2435 homini
854 2373 977 2458 optimo,
1001 2374 1053 2458 qui
1075 2373 1172 2456 ipsum
1197 2391 1247 2434 oo·

238 2489 331 2563 dicem
354 2490 396 2554 Ab
416 2491 564 2565 exaravit,
592 2488 828 2574 interpolationis
859 2489 974 2574 culpam
1002 2489 1146 2550 immerito
1172 2489 1247 2549 irro-

237 2608 364 2692 gaveris.
401 2604 515 2668 Etenim
539 2607 564 2667 si
587 2603 635 2668 ille
658 2605 754 2668 scriba
778 2604 866 2668 ullam
888 2625 948 2666 non
964 2603 1031 2666 dieo
1047 2603 1246 2688 cognitionem

238 2721 288 2786 sed
314 2719 525 2784 divinationem
549 2722 590 2784 rei
612 2733 753 2785 tractatae
770 2721 972 2805 orationisque
988 2709 1114 2806 graecae
1126 2717 1247 2781 habuis-

238 2847 291 2913 set,
317 2829 370 2900 nec
393 2836 499 2900 multas
515 2835 645 2910 lacunas,
671 2856 746 2922 quac
761 2857 875 2900 omnem
892 2857 1000 2900 nexum
1017 2837 1245 2918 interrumpunt,

239 2949 409 3014 adminisset
436 2971 490 3013 neo
519 2948 624 3014 menda
653 2963 713 3014 tatu
742 2963 843 3037 aperta
872 2963 931 3015 tarn
961 2947 1044 3014 laoile
1072 2948 1246 3034 corrigenda

239 3087 298 3128 non
327 3066 503 3130 sustulisset.
548 3065 797 3130 permutationem
827 3079 924 3132 antem
952 3067 1098 3134 vocalium
1127 3087 1147 3150 η
1175 3087 1203 3126 ει
1226 3087 1246 3140 o,

239 3201 305 3245 eum
329 3205 345 3245 a
369 3203 474 3268 graeca
498 3203 586 3245 manu
608 3181 741 3268 prolecta
766 3205 828 3247 esse
851 3181 996 3260 videatur,
1021 3203 1080 3246 non
1101 3183 1159 3267 ipsi
1174 3181 1246 3244 scri·

238 3296 294 3360 bae
324 3297 389 3362 cod.
411 3297 471 3373 Ab,
508 3309 542 3360 ut
574 3299 624 3383 qui
654 3319 776 3385 graecae
806 3298 923 3385 linguae
952 3321 988 3362 ne
1018 3296 1246 3382 simplicissimas

239 3411 357 3499 quidem
381 3413 458 3498 leges
483 3412 623 3488 calluerit,
651 3412 703 3476 sed
727 3413 762 3488 ei,
787 3399 837 3498 qui
862 3411 1013 3498 exemplar
1035 3412 1113 3477 illius
1136 3411 1245 3475 codicis

239 3530 382 3605 exaravit,
405 3530 607 3613 irrogaverim.
647 3527 749 3590 Multis
772 3540 869 3591 tamen
886 3529 931 3592 his
947 3527 1059 3592 mandis
1075 3526 1246 3612 dignitatern

239 3641 349 3707 codicis
372 3642 414 3706 Ab
434 3645 576 3719 imminui,
600 3663 637 3708 ne
661 3646 727 3730 quis
751 3646 904 3729 opinetur;
929 3645 1064 3730 quisquis
1088 3645 1163 3708 eninr
1187 3641 1246 3706 ulia

239 3757 374 3824 codicum
405 3761 574 3845 cognitione
597 3762 759 3823 instructus
783 3770 842 3835 est,
874 3761 899 3822 is
927 3760 957 3821 in
987 3760 1134 3844 plerisque
1163 3758 1244 3831 locis,

239 3873 309 3960 quid
340 3875 369 3936 in
399 3873 510 3938 librarii
541 3877 649 3940 crimen
673 3873 862 3950 vertendum,
892 3872 965 3960 quid
982 3872 1031 3940 ,ad
1059 3873 1178 3940 alteram
1201 3891 1246 3936 re-
