2784 4606
623 344 782 444 „m-

198 535 285 588 tatem
309 521 472 590 Alexandri
494 523 663 590 auctoritati
688 525 830 609 postponi
853 522 999 610 improbo.
1042 523 1158 589 Etenim
1180 525 1206 588 si

197 637 433 724 interpolationis
466 642 553 726 signa
586 661 647 704 non
675 651 776 724 aperta
806 641 882 716 sint,
917 659 1032 726 semper
1059 639 1205 725 suspicari

197 753 278 829 licet,
310 753 444 820 codicum
473 753 626 820 lectionem
643 776 693 830 ¹cx
717 754 808 818 altero
832 753 882 818 illo
906 752 1002 829 sonte,
1032 753 1205 818 Alexandro

197 870 365 954 incognito,
390 871 532 954 originem
556 869 687 934 duxisse.
722 868 877 934 Praeterea
901 867 1078 945 Menander,
1104 889 1206 955 quam·

198 1003 285 1069 quern
321 983 447 1067 palmam
475 985 645 1070 interpretis
674 983 822 1069 praeclare
851 987 969 1058 munit,
1006 1005 1067 1050 non
1098 1005 1205 1071 magno

197 1110 294 1162 temen
319 1111 463 1184 apparatu
486 1101 587 1164 critico
604 1100 765 1162 instructos
782 1096 871 1162 luisse
887 1097 1014 1164 videtur.
1044 1097 1120 1164 Nam
1135 1098 1206 1164 dnm
1329 1089 1341 1098 ’

198 1214 363 1300 Asclepius,
389 1214 481 1278 multo
506 1214 617 1297 majore
639 1216 736 1299 spatio
756 1212 793 1276 ab
811 1215 924 1299 origine
940 1213 1046 1292 horum
1062 1213 1206 1280 librorum

197 1341 338 1402 remotus,
362 1328 503 1393 nonnulla
527 1327 563 1392 de
586 1325 646 1392 lato
671 1327 761 1412 hujus
777 1329 875 1413 operis
891 1331 920 1391 in
937 1331 1090 1414 prooemio
1106 1327 1206 1404 tradit,

197 1446 261 1530 ipse
291 1441 459 1508 Alexander
493 1441 601 1506 nnllam
634 1454 735 1507 textus
764 1443 917 1507 historiam
947 1454 1005 1508 tam
1035 1456 1206 1529 exoptatam

198 1559 356 1644 praemisit.
398 1558 504 1648 Atque
520 1559 636 1632 neseio,
661 1579 697 1621 an
722 1558 875 1642 exipsius
898 1557 997 1622 verbis
1019 1580 1051 1644 p.
1067 1555 1120 1634 44,
1146 1556 1205 1633 22;

204 1667 345 1756 »ἱστορεῖ
366 1669 402 1735 δὲ
421 1664 594 1746 uenerem
617 1669 659 1746 ὡς
675 1669 796 1756 ἐκείνης
810 1673 870 1754 μὲν
885 1667 1095 1758 ἀρχαιοτέρας
1110 1667 1221 1756 οὔσης·
1287 1680 1294 1690 “

197 1786 251 1871 τῆς
273 1786 408 1870 γραφῆς,
430 1790 691 1871 μεταγραφείαρς
706 1785 742 1850 de
764 1785 879 1869 ταύτης
899 1783 1033 1872 ὕστερον
1054 1782 1119 1852 ὑπὸ
1142 1781 1206 1850 Ed-

199 1898 307 1984 doipoo
329 1905 382 1964 eut
397 1897 628 1982 acceptumve
659 1913 888 1966 consentaneum
912 1903 960 1975 sit,
984 1902 1207 1987 ipsircocnsio·

198 2037 264 2080 nem
286 2015 402 2080 illorum
427 2017 557 2080 virorum
582 2018 726 2101 inspicere
749 2037 809 2080 non
833 2015 959 2079 tinuisse.

265 2129 344 2195 Haeo
367 2133 399 2194 in
422 2151 576 2196 commune
599 2130 635 2194 do
659 2133 772 2195 ratione
795 2132 871 2196 inter
893 2129 1010 2196 codices
1034 2142 1063 2194 et
1077 2131 1206 2196 Alexan·

199 2243 284 2310 drum
308 2245 506 2310 intercedente
529 2245 607 2311 dicta
631 2249 704 2324 sint3
734 2258 840 2321 restat,
872 2258 906 2309 ut
927 2265 1002 2329 quae
1025 2245 1133 2310 familie
1155 2267 1207 2310 eo·

199 2359 297 2424 dicum
320 2359 484 2424 Alexandri
505 2363 602 2426 textui
625 2364 719 2446 magis
742 2360 875 2435 accedat,
901 2362 1111 2425 examinemus.
1146 2358 1207 2426 Sed

199 2473 247 2540 hic
270 2493 390 2560 qnoque
411 2495 600 2560 praemonere
616 2476 686 2540 mihi
703 2477 803 2554 liceat,
829 2475 979 2562 quomodo
996 2475 1093 2553 lectio,
1118 2493 1206 2562 qoam

199 2587 370 2654 Alexander
392 2602 512 2654 secutus
536 2593 591 2666 sit,
616 2593 787 2677 investigari
811 2593 915 2676 possit.

265 2707 365 2792 Atque
393 2705 527 2770 lemmata
557 2705 675 2792 quidem
703 2708 768 2791 ipsa
797 2728 857 2770 non
886 2717 993 2770 eertum
1018 2707 1094 2770 eiam
1124 2724 1207 2770 mou·

199 2832 308 2896 stram,
340 2822 427 2884 immo
450 2842 521 2884 vero
551 2820 655 2885 erebro
686 2819 723 2883 ab
752 2819 845 2884 aliena
873 2841 962 2886 tnanu
991 2819 1090 2886 addita
1120 2819 1208 2885 aliern

200 2957 248 3011 ac,
280 2955 369 3021 quam
397 2932 568 3000 Alexander
595 2937 625 2998 in
649 2936 866 3001 commentariis
890 2937 1076 3010 tractaverit,
1106 2934 1207 3000 lentio·

71 3047 77 3055 “
199 3070 265 3113 nem
299 3048 455 3134 praebere,
492 3050 646 3115 Boniteius
682 3052 791 3136 optime
821 3047 923 3115 docuit
936 3042 966 3131 ¹).
1017 3048 1061 3114 Eo
1090 3050 1206 3135 aegrius

199 3163 262 3228 iero
298 3163 335 3229 ab
371 3167 437 3251 ipso
468 3164 605 3230 Boniteio
641 3163 716 3228 hanc
749 3164 841 3252 legem
872 3186 932 3228 non
963 3163 1075 3251 ubique
1105 3162 1208 3227 obscr-

199 3291 296 3344 uatam
331 3297 403 3344 osse.
451 3279 552 3344 Multis
587 3283 662 3344 enirn
692 3279 763 3344 loeis
795 3279 949 3342 lectionem
983 3279 1057 3342 hane
1092 3278 1207 3342 illamve

200 3391 402 3461 Alexandrum
430 3393 569 3458 hahuisse
595 3406 689 3469 certe,
720 3394 800 3458 nullo
828 3391 1022 3459 dubitationis
1045 3395 1131 3480 signo
1155 3390 1207 3456 ad·

201 3509 279 3585 dito,
308 3508 449 3586 affirmat,
479 3507 531 3572 ubi
559 3509 632 3574 haec
658 3507 767 3572 fiducia
796 3529 856 3572 non
882 3529 920 3572 ex
940 3506 1104 3574 Alexandri
1127 3525 1207 3572 conr·

200 3626 366 3702 mortariis,
394 3635 430 3688 ut
452 3645 528 3710 quae
553 3643 614 3688 rem
637 3625 730 3710 magis
754 3621 874 3691 dubiam
898 3644 985 3710 quam
1009 3635 1117 3691 eertarn
1140 3621 1208 3686 red-

259 3868 278 3937 ¹)
302 3867 412 3940 Metaplr.
425 3867 446 3923 1.
465 3865 544 3938 prael.
557 3866 618 3922 Vll.
