2782 4612
698 335 741 405 68

219 541 312 607 genus
340 518 491 584 relationis
521 539 636 606 semper
658 519 752 582 inesse
777 510 907 600 debet¹),
937 537 990 582 neo
1011 529 1109 582 tamen
1133 516 1228 605 digni·

218 647 307 701 tutem
338 635 569 702 substantiarum
593 634 645 700 Ar.
668 633 724 698 iliis
750 632 863 699 tribuit.
908 633 1010 721 itaque
1031 653 1091 700 noo
1115 655 1131 697 a
1154 653 1227 698 vero

219 749 438 829 aberrabimus,
469 753 493 815 si
524 749 614 816 verba
644 747 680 814 λυ
701 743 764 834 γὰρ
791 789 827 802 .-
853 745 1025 834 λυυττάρχει
1051 761 1122 836 post
1151 744 1228 812 καθ’

220 862 318 930 ἑαυτό
341 870 384 945 (v.
406 863 458 948 16)
481 869 676 952 posuerimus.

290 980 389 1046 1032ι
406 981 455 1047 15.
479 981 543 1046 τῶν
558 981 595 1045 δὲ
609 983 764 1060 γενέσεων
777 983 832 1043 καλ
846 974 999 1069 eandorem
1013 973 1034 1064 ἤ
1048 981 1109 1063 μὲν
1121 978 1229 1063 νόησις

220 1097 365 1162 καλεῖται
392 1095 424 1182 ᾗ
437 1096 474 1162 δὲ
502 1096 640 1181 ποληστᾲ,
669 1094 687 1181 ἢ
715 1097 775 1179 μὲν
804 1089 868 1159 α’ττὸ
897 1095 952 1179 τῆς
975 1091 1073 1180 ἀρχῆς
1095 1093 1227 1159 καὶτοῦ
1318 1161 1323 1168 ,

219 1212 327 1288 εἴδους
354 1211 481 1296 νόησις,
518 1210 537 1296 ἢ
569 1211 600 1275 d’
617 1205 682 1274 tired
711 1210 767 1276 τοῦ
795 1208 977 1274 τελευταίου
1006 1209 1061 1294 τῆς
1089 1204 1229 1294 νοήσεως

221 1332 354 1412 ποίησις.
389 1325 489 1391 Verba
519 1347 595 1412 quae
618 1338 785 1413 sequuntur
807 1319 925 1408 ὁμοίως
947 1326 984 1390 di
1007 1328 1062 1388 καλ
1083 1325 1145 1390 τῶν
1167 1320 1229 1388 ἄλ-

219 1443 286 1508 λων
314 1443 379 1507 τῶν
407 1435 529 1525 μεταξὺ
558 1442 692 1504 ἕκαστον
718 1445 858 1520 γίγνεται
886 1441 922 1505 od
949 1434 1028 1505 'hano
1055 1443 1228 1506 sententiam

219 1560 337 1624 minime
348 1557 450 1622 reierri
463 1569 598 1643 possunt,
611 1555 664 1620 sed
676 1577 741 1620 oum
755 1559 801 1632 iis,
815 1577 890 1643 quae
902 1569 986 1620 anteo
996 1579 1026 1620 v.
1036 1553 1071 1620 ii
1082 1554 1164 1619 -15
1177 1577 1230 1619 ex·

219 1677 317 1762 posito
330 1686 409 1749 sunt,
428 1674 587 1736 arctissime
604 1673 770 1737 cohaerent.
793 1671 866 1737 Nam
884 1693 949 1736 eum
966 1671 1150 1736 anteaAr.io
1164 1660 1229 1734 uni-

219 1811 337 1854 versum
362 1791 514 1854 sanitatem
537 1809 575 1851 ex
589 1790 712 1851 notione
727 1789 860 1851 sanitatis
877 1786 950 1850 effici
967 1787 1126 1862 docuisset,
1151 1807 1228 1852 nunc

221 1903 341 1968 eandem
358 1898 668 1985 rationem=(dpoimc)
692 1902 730 1966 ad
750 1903 880 1989 singutas
901 1915 1000 1987 partes
1022 1894 1228 1986 (ὁμαλότητα,

220 2017 427 2103 θερμότητα),
450 2016 528 2080 unde
552 2016 682 2103 perieeta
705 2029 792 2104 atqua
816 2017 950 2081 absoluta
967 2020 1077 2082 sanitas
1093 2017 1228 2104 prodeat,

219 2131 367 2199 transfert.
394 2133 550 2218 Perperam
566 2135 658 2220 igitur
670 2133 761 2197 verba
775 2136 840 2196 suiv
856 2131 892 2196 di
909 2171 942 2183 -
958 2134 1082 2218 eroipore
1096 2132 1228 2196 ordinem

221 2248 431 2336 disputationis
447 2249 680 2335 interrumpunt,
705 2269 758 2312 nee
781 2267 841 2336 quo
863 2251 1029 2334 pertineant
1043 2248 1159 2312 difficile
1180 2269 1230 2311 oo-

220 2367 315 2451 gnitu.
355 2363 469 2426 Etenim
493 2384 558 2427 oum
581 2363 635 2427 Ar.
653 2387 681 2427 v.
699 2361 719 2428 9
737 2376 766 2427 et
784 2363 823 2427 10
845 2366 1026 2448 operationis
1049 2360 1230 2450 (ποιήσεως)

221 2478 320 2542 obiter
344 2481 519 2543 mentionem
549 2475 679 2555 iecisset,
710 2491 813 2563 postea
843 2479 872 2542 in
899 2481 1030 2566 margine
1056 2482 1102 2544 sui
1132 2502 1230 2545 exem·

220 2590 322 2680 piaris,
347 2594 498 2681 quomodo
523 2596 657 2680 operatio
682 2617 698 2658 a
720 2594 908 2660 meditatione
925 2593 1049 2672 differat,
1073 2593 1229 2661 adnotasse

219 2708 348 2774 videtur.

290 2821 389 2890 103712
412 2825 441 2890 7.
467 2826 527 2891 υῦυ
550 2825 586 2890 di
610 2823 752 2908 λέγωμεν
774 2807 911 2909 υτρῶτου,
935 2825 988 2912 ἐφ’
1011 2823 1090 2891 ὅσον
1112 2799 1148 2892 dv
1164 2836 1230 2902 τοῖς

220 2935 426 3013 ἀναλυτικοῖς
449 2945 521 3026 περὶ
543 2937 678 3026 ὁρισμοῦ
699 2937 742 3026 μή
767 2944 897 3026 εἴρηται.
938 2941 1174 3026 Disputationem
1198 2944 1228 3005 in

220 3075 285 3144 cap.
302 3054 355 3121 Xli
378 3058 541 3121 institutam
566 3057 604 3121 ab
629 3057 684 3121 alia
701 3057 747 3120 vel
763 3056 953 3122 antecedente
969 3059 1014 3122 vel
1031 3058 1229 3146 subsequente
1287 3091 1290 3099 =

221 3170 374 3257 distingui,
399 3172 491 3237 verbu
516 3171 595 3237 »νῦν
618 3171 675 3237 dt«
705 3195 819 3238 summo
844 3195 908 3238 eum
932 3173 1063 3260 pondere
1086 3177 1116 3238 in
1133 3172 1229 3238 ironte

221 3288 437 3350 enuntiationis
462 3291 559 3372 posita
582 3301 710 3354 monent.
750 3289 781 3353 ln
806 3293 841 3354 iis
865 3303 972 3366 autern,
997 3311 1072 3377 quae
1094 3291 1229 3376 proxime

221 3402 413 3480 antecedunt,
442 3403 515 3469 nihii
538 3407 701 3482 invenitur,
732 3403 813 3492 quod
836 3404 876 3467 iili
899 3403 959 3470 υῦν
982 3403 1020 3468 δὲ
1041 3385 1227 3491 respondeat.

221 3515 280 3582 Sed
305 3529 373 3582 ante
396 3540 458 3583 eam
483 3533 612 3606 partem,
645 3542 702 3608 qua
732 3523 828 3606 eapite
857 3522 965 3606 prioris
988 3522 1081 3607 pertis
1104 3520 1172 3585 libri
1194 3524 1230 3583 Ζ.

221 3633 521 3719 comprehenduntur,
547 3638 613 3701 loeo
638 3657 697 3702 non
722 3639 817 3702 minus
835 3649 923 3701 acuto
940 3637 1063 3724 legimus
1080 3640 1230 3702 σκεπτέον

223 3787 433 3802 m—

278 3879 297 3950 ¹)
322 3875 354 3934 ei.
368 3887 447 3953 eateg.
459 3877 489 3936 8·
501 3879 543 3936 31.
