2782 4612
157 544 305 632 ὕστερον,
334 569 388 612 nec
411 546 548 625 dubium,
579 550 650 636 quin
678 548 751 614 haec
773 548 865 614 verba
888 571 953 615 eum
977 552 1061 617 initio
1086 556 1166 642 capi-

159 667 196 729 tis
210 663 264 728 Xll
287 665 448 729 arctissime
472 664 658 729 cohaereant.
690 664 847 748 Quomodo
872 669 947 731 enirn
971 681 1071 755 partes
1095 669 1166 734 deli·

153 781 278 846 ·nitionia
312 779 358 844 vel
396 792 494 866 partes
529 783 569 844 rei
604 781 634 842 in
669 783 809 846 unitatem
841 782 1022 860 coalescant,
1063 797 1167 871 postea

158 890 316 979 (ὕστερον)
339 917 370 960 oe
394 895 661 960 demonstraturum
678 918 740 962 esse
757 892 811 977 (Η.
827 919 852 962 c.
866 897 906 962 Vl
922 911 951 963 et
966 901 1008 961 A.
1032 899 1083 963 ubi
1100 898 1167 965 vido

159 1031 184 1075 c.
197 1009 236 1076 X.
255 1008 353 1076 107512
376 1008 541 1094 34-37).
576 1013 628 1076 Ar.
648 1013 819 1098 pollicetur;
844 1033 922 1077 nune
942 1026 1039 1079 autem
1057 1036 1089 1079 ea
1105 1018 1166 1102 pri·

158 1145 236 1190 mum
261 1121 405 1212 (πρῶτον
428 1129 446 1192 i.
464 1149 489 1192 e.
512 1129 686 1215 priusquam
711 1128 788 1192 illam
812 1131 1014 1215 quaestionem
1037 1127 1164 1213 solvat),

55 1327 61 1338 Α
159 1244 285 1329 quaein
311 1242 466 1330 analyticis
489 1242 525 1306 de
548 1233 769 1308 delinitionibus
792 1244 924 1309 nondum
941 1245 1081 1331 explicita
1096 1249 1165 1323 aiot,

159 1355 323 1443 disceptare
338 1359 410 1422 vult.
445 1358 548 1446 ltaque
571 1358 651 1423 haud
675 1362 746 1438 scio,
771 1382 808 1424 an
825 1357 984 1424 verbatim
1000 1359 1162 1425 otene..

158 1468 290 1558 ὕστερον
318 1470 374 1536 372
405 1471 544 1537 17-20
577 1476 608 1537 in
636 1473 734 1540 lronte
765 1475 900 1561 capilll
929 1475 1069 1560 ponenda
1096 1479 1164 1542 sint.

157 1587 274 1652 Partem
298 1599 394 1652 autern
418 1590 600 1674 interjectam
624 1603 636 1634 ἃ
659 1587 773 1654 20-1)
795 1588 825 1667 7,
850 1593 880 1654 in
904 1612 962 1677 qua
987 1596 1084 1678 capita
1107 1592 1166 1656 dia·

83 1765 89 1784 ,
158 1706 320 1790 putationis
344 1703 447 1770 ordine
464 1703 592 1781 diverso,
617 1727 650 1770 ac
668 1708 698 1769 in
714 1706 846 1792 pleniore
863 1709 1060 1792 expositione,
1086 1729 1166 1772 com·

157 1817 299 1905 prehendi
323 1832 423 1896 notas,
449 1833 552 1906 postea
576 1819 613 1885 ab
632 1820 684 1885 Ar.
701 1793 884 1909 in‘margiue
909 1821 1051 1907 adjectam
1076 1836 1104 1888 et
1127 1823 1164 1888 ab

158 1935 271 2000 editore
294 1935 400 1999 horum
423 1935 567 2000 librorum
590 1938 764 2022 importuno
787 1937 852 2002 loco
875 1941 1003 2024 positam
1023 1961 1086 2005 esee
1103 1961 1165 2006 ere·

158 2047 290 2116 diderim.

227 2163 326 2231 1038b
345 2161 394 2232 12.
419 2167 504 2241 τίνος
527 2161 586 2231 οὖν
609 2161 702 2230 οὐσία
716 2165 801 2232 τοῦτ’
816 2164 922 2246 ducac,-
945 2163 1041 2256 ἢγὰρ
1058 2167 1165 2236 derceio-
1216 2165 1221 2170 ’

158 2301 221 2348 των
238 2283 259 2368 ἢ
275 2277 424 2356 odotem.
456 2278 609 2347 ἁπάντων
626 2275 660 2346 d'
672 2277 731 2362 οὐχ
749 2279 818 2347 oio'v
829 2301 877 2348 aa·
895 2279 965 2360 ἑνὸς
983 2281 1164 2363 δἐῑέσται,
1212 2275 1219 2284 ’

107 2455 111 2460 .
157 2401 212 2461 καὶ
234 2389 338 2480 τᾶλλα
360 2395 446 2461 τοῦτ’
469 2394 570 2460 ἔσται·
607 2392 652 2461 aiv
674 2394 737 2482 yolo
760 2402 819 2481 plot
841 2396 860 2484 ἢ
883 2395 976 2464 οὐσία
998 2405 1053 2464 καὶ
1074 2397 1111 2466 ad
1135 2405 1165 2464 cl

157 2510 197 2599 ἦν
219 2513 303 2577 εἶναι
330 2514 378 2588 tn,
408 2516 463 2574 atat
488 2508 569 2577 oded
594 2514 639 2578 iv.
684 2513 823 2578 Extrema
852 2518 1066 2602 enunciationis
1094 2538 1164 2603 pars
1198 2561 1201 2564 -

157 2621 204 2693 cdv
218 2631 278 2711 μὲν
291 2623 354 2713 γὰρ
371 2665 405 2678 -
421 2629 457 2691 iv
474 2631 640 2714 proximam
656 2631 829 2693 senteutiam
853 2623 924 2702 ἑνὸς
939 2629 971 2693 δ’
983 2631 1013 2693 ai
1026 2667 1059 2680 -
1076 2627 1165 2696 ἔσται

157 2743 409 2831 haudquaquam
432 2742 567 2829 probat„
592 2744 668 2809 Nam
691 2745 798 2820 thesis,
824 2745 988 2809 universale
1013 2747 1163 2833 quoddam

157 2861 245 2924 unius
273 2862 315 2924 rei
342 2857 529 2945 praedicatae
558 2859 781 2925 substantialem
811 2873 945 2926 naturam
969 2881 1028 2924 non
1052 2862 1164 2950 signifi-

157 2996 232 3050 care,
250 2977 366 3039 minime
381 2975 515 3048 firmatur
531 2997 563 3039 ea
579 2978 813 3053 ratiocinatione,
831 2997 906 3062 quae
922 2978 1049 3062 plurium
1065 2998 1162 3043 rerum

156 3111 245 3154 unam
262 3083 320 3170 (niv
332 3093 392 3172 μὲν
406 3086 469 3175 γὰρ
484 3086 554 3173 μία)
574 3081 769 3156 ὲυὺεῑειιῑίεω
786 3113 967 3156 communem
986 3114 1047 3157 esse
1064 3097 1161 3158 sumit.

156 3203 216 3270 Sed
240 3225 326 3270 nemo
348 3227 408 3270 non
433 3206 558 3283 videbit,
589 3206 645 3270 hac
671 3211 924 3295 argumentatione
948 3211 1058 3294 optime
1082 3221 1163 3274 ante·

157 3319 289 3385 cedentia
311 3320 402 3386 verba
427 3315 592 3402 (ἁπάντων
608 3321 639 3386 d’
655 3315 715 3403 οὔχ
729 3319 799 3388 oidv
812 3320 873 3405 ce)
899 3326 1015 3389 muniri.
1060 3324 1161 3412 ltaque

157 3437 286 3522 trajectis
313 3438 412 3502 verbis
442 3437 596 3524 legendum
625 3461 687 3502 esse
717 3460 836 3502 censeo:
872 3415 1024 3503 anunm
1053 3437 1085 3501 δ’
1102 3430 1163 3519 onix

157 3548 227 3617 olda
249 3566 297 3615 τε·
322 3546 367 3615 aiv
387 3547 450 3637 γὰρ
474 3554 532 3634 μία
548 3593 580 3604 -
599 3548 681 3618 αὐτοὶ
697 3545 742 3616 ἓν.
775 3551 835 3618 Nee
850 3565 946 3618 tamen
964 3552 1061 3630 video,
1088 3575 1162 3640 qno-

157 3666 245 3732 modo
270 3669 390 3732 omnino
414 3669 570 3754 interjecta
581 3669 671 3734 verba
689 3663 904 3762 ἑνὸς-ἕσται
922 3668 1075 3758 quadrent.
1108 3670 1160 3733 Ar.

158 3787 232 3849 enim
262 3785 438 3849 universalia
468 3797 519 3850 aut
548 3788 677 3850 omnium
707 3803 818 3860 rerum,
849 3783 885 3848 de
915 3783 1024 3871 quibus
1046 3784 1161 3871 praedi-

157 3911 275 3980 eantur,
306 3912 358 3966 aut
379 3900 488 3966 nullius
511 3921 574 3967 esse
597 3901 778 3968 substantias
802 3911 954 3967 statuerat.
1001 3899 1066 3966 lam
1095 3921 1161 3964 cum
