2782 4612
587 319 746 418 Α

164 514 363 588 opportunam
398 502 581 568 occasionem
608 498 677 564 libri
704 502 743 562 Δ.
773 499 846 568 c'.V
873 500 1015 570 laudandi
1044 501 1173 570 oblatam

163 616 254 684 luisse
283 619 386 703 negari
414 617 527 702 nequit.
575 613 636 682 Sed
665 615 722 682 hoe
745 615 858 680 nullum
882 630 1086 704 argumentum
1110 641 1194 694 esse.

164 753 203 800 ex
230 733 376 798 simillimo
406 732 472 797 loeo
500 731 687 818 intelligitur:
716 730 818 796 eadem
842 735 917 798 enim
942 721 1099 802 necessarii
1121 757 1173 823 ge-

163 869 234 918 nera
256 848 310 914 Ar.
333 852 371 916 E·
395 843 494 912 tutu
508 845 640 914 28-30
663 860 815 924 memorat,
839 870 893 914 ueo
915 850 1053 916 lectorem
1077 850 1115 916 ad
1136 851 1172 914 li-

164 965 250 1032 brum
270 969 309 1031 A·
333 964 462 1050 delegat;
486 966 568 1050 atqui
591 965 655 1048 ipse
678 963 725 1028 hio
747 963 822 1052 lilrer
839 967 878 1027 Δ.
901 966 931 1030 in
955 964 1057 1030 eodem
1076 969 1172 1052 capite

166 1077 263 1146 1026*
281 1077 323 1146 34
337 1079 485 1149 laudatur.
520 1078 601 1143 ldem
618 1077 698 1144 eadit
712 1080 742 1144 in
759 1082 787 1143 1.
809 1079 906 1146 e.Vlll
925 1077 1024 1146 1058*
1041 1079 1095 1158 24,
1119 1081 1173 1147 uui

164 1195 217 1262 Ar.
241 1195 340 1262 le'ttori
364 1200 454 1265 Δ.,α.
471 1194 595 1262 XXVlll
624 1197 654 1258 in
683 1197 851 1260 memoriam
881 1217 1021 1262 revocare
1051 1199 1171 1262 omittit.
1237 1177 1245 1194 ⁴

163 1310 225 1378 Hae
259 1313 350 1398 igitur
379 1310 415 1376 de
444 1329 533 1375 eausa
562 1310 638 1375 liber
661 1314 699 1374 Δ.
730 1294 848 1376 secludi
876 1333 937 1377 nou
968 1311 1064 1376 (lebet.
1112 1310 1172 1378 Sed

163 1425 326 1504 videamus,
349 1447 420 1492 nuru
443 1426 527 1492 libris
550 1425 639 1492 modo
664 1428 840 1492 enumeratis
859 1426 1013 1494 addendus
1029 1429 1077 1493 sit.
1117 1426 1173 1492 Hit

162 1563 266 1608 rursus
290 1540 328 1608 ad
347 1541 457 1626 librum
473 1545 514 1604 B.
537 1541 624 1608 nobis
649 1542 859 1608 recurrendum
884 1555 936 1608 est.
977 1542 1172 1626 Quaestiones

163 1659 240 1723 enim
263 1657 353 1742 liujus
368 1657 436 1722 libri
453 1659 494 1722 ita
511 1656 653 1752 distingui
669 1680 767 1744 posse,
792 1669 826 1720 ut
842 1657 949 1726 alterae
966 1657 1003 1724 ad
1019 1662 1127 1745 primas
1143 1670 1173 1722 st

163 1785 297 1840 aeternas
319 1773 511 1850 substautias,
535 1773 644 1838 alterae
666 1772 705 1838 ad
728 1772 869 1840 ambitum
889 1773 980 1859 hujus
999 1773 1171 1860 disciplinae

154 1901 310 1976 spectent,
334 1909 425 1975 supra
435 1882 455 1969 ¹)
477 1889 718 1974 significavimus.
759 1889 859 1977 Atque
882 1891 996 1974 priores
1021 1891 1171 1976 quaestiu-

163 2025 214 2072 ues
243 2007 272 2072 in
294 2003 378 2072 libris
399 2006 553 2072 Μ.Ν.Λ.
576 2006 776 2091 respiciuntur
799 2015 828 2070 et
849 2004 1035 2072 dirimuntur.
1076 2004 1171 2089 Quae·

163 2122 274 2186 suenus
302 2126 400 2187 autem
430 2119 467 2186 ds
495 2119 608 2187 ambitu
637 2121 726 2205 hujus
757 2119 929 2207 discipliuae
957 2121 1116 2189 solvuntur
1138 2123 1171 2184 Γ.

164 2257 189 2302 u.
210 2237 230 2313 Ι,
252 2236 292 2312 ll,
312 2231 392 2319 lll').
439 2236 487 2302 Ex
514 2257 621 2324 genere
644 2237 720 2302 enirn
745 2205 968 2322 disseptalrdum
992 2257 1070 2314 esse,
1100 2258 1171 2302 num

164 2374 239 2440 quae
261 2373 308 2416 res
332 2354 361 2416 in
384 2352 460 2418 hane
483 2353 530 2418 vel
553 2353 631 2416 illam
655 2351 837 2439 disciplinam
860 2355 1022 2450 pertineat,
1046 2352 1100 2420 Ar.
1120 2373 1168 2417 an.

162 2480 241 2554 post.
271 2471 314 2532 A.
337 2489 362 2533 e.
383 2467 507 2534 XXVlll
538 2466 693 2533 docuerat:
723 2473 782 2550 pia
811 2463 843 2532 δ’
863 2465 1016 2552 ἐπιστήμη
1044 2463 1170 2551 inrisui

163 2579 376 2662 ἕνόςγένους.
412 2582 477 2649 Hae
499 2585 591 2670 igitur
615 2575 681 2648 loeo
703 2583 757 2648 Ar.
781 2563 945 2648 necessario
970 2582 1170 2670 quaerendum

162 2696 236 2776 luit,
259 2697 342 2786 qnod
365 2701 404 2762 sit
425 2719 519 2784 genus
541 2702 652 2784 primae
667 2698 888 2785 philosophiae,
912 2698 950 2764 ad
971 2697 1052 2784 quod
1069 2718 1170 2765 omnes

163 2835 224 2892 res,
259 2835 332 2901 quas
360 2816 390 2878 iu
418 2812 495 2880 libro
522 2819 563 2878 Β.
591 2813 779 2891 indicaverit,
816 2826 884 2900 apte
912 2812 1013 2879 relerri
1042 2811 1170 2899 possint

162 2930 349 2996 Latissimum
378 2941 474 3004 autem
503 2949 611 3016 genus,
641 2929 722 3017 quod
751 2943 900 3017 tamquam
921 2931 953 2994 in
977 2951 1032 2996 suo
1055 2931 1166 3016 gremio

164 3067 264 3112 omnes
297 3046 351 3113 has
379 3067 425 3111 res
455 3057 608 3111 contentas
638 3045 762 3121 habeat,
799 3067 873 3112 esse·
890 3037 925 3112 no*
955 3039 995 3110 ὃν
1021 3038 1043 3133 ᾗ
1070 3045 1109 3109 ὃν
1138 3047 1168 3108 iu

221 3280 240 3346 ¹)
264 3297 289 3350 p.
305 3277 349 3336 89.

135 3397 138 3404 ¹
220 3377 240 3445 ¹)
266 3376 380 3432 Tertiam
398 3375 575 3446 quaestionem
593 3382 624 3430 B.
644 3393 666 3431 e.
678 3375 704 3430 11
723 3371 786 3430 997·
804 3372 932 3441 15-25,
951 3393 1012 3430 uum
1032 3376 1116 3431 naenia
1127 3393 1168 3433 re·

162 3491 221 3530 rum
238 3471 356 3541 (οὐσιῶν)
374 3490 466 3544 genera
484 3474 514 3528 ab
534 3472 620 3526 eadem
640 3473 744 3529 scientia
762 3479 909 3537 tractentur,
930 3473 1066 3530 Bonitaiur
1085 3473 1118 3527 ad
1135 3479 1168 3527 Ε.

163 3588 185 3626 a.
197 3571 210 3626 l
222 3569 311 3634 relent3
331 3569 430 3635 dubito,
448 3587 509 3624 num
521 3577 597 3644 uerte.
623 3569 680 3624 lllie
693 3571 768 3634 enim,
784 3569 914 3641 quomodo
926 3569 1052 3642 generalia
1065 3571 1169 3626 scientia

162 3667 340 3739 philosophica
358 3683 372 3722 a
390 3666 499 3740 singulis
519 3667 660 3743 disciplinis
679 3666 792 3732 differat,
816 3667 1018 3734 demonstratum
1037 3667 1167 3739 quomodo

164 3773 248 3820 autem
267 3766 351 3821 orunia
370 3766 466 3822 entim
482 3782 574 3838 genera
592 3765 623 3822 ab
642 3749 728 3823 eadem
747 3765 850 3821 seientia
867 3781 992 3835 suspensa
1009 3766 1073 3831 aiut,
1093 3764 1168 3820 leoe-

163 3861 343 3918 mnam
