2784 4606
225 503 363 572 ¹dumento
392 495 454 573 hac¹
476 509 560 573 inre
582 509 719 585 nitimur,
751 511 776 573 si
800 529 860 596 quo
883 508 950 574 loco
974 505 1145 574 Alexander
1167 527 1232 574 cum

225 623 291 689 cod.
308 624 368 703 Ab,
393 623 548 710 Asclepius
564 645 629 688 cum
646 625 707 688 rell.
721 623 810 690 codd.
826 627 986 711 conspirat.
1014 623 1064 690 Ab
1081 625 1127 688 hie
1143 627 1235 712 igitur

225 739 366 825 exemplis
395 739 559 804 ordiamur:
590 739 669 806 984ἃ
689 738 730 804 33
759 739 851 804 τοῦτο
875 742 934 824 μὲν
955 735 1018 824 γὰρ
1041 735 1178 824 ἀρχαῖόν
1199 761 1234 803 τε

225 856 280 916 καὶ
306 849 425 928 πάντες
455 850 666 939 ὡμολόγησαν
695 877 753 920 om.
776 856 818 920 Ab
841 855 937 932 Alex,
969 854 1036 920 add.
1060 854 1147 920 codd.
1170 855 1231 920 rell.

225 968 354 1055 Asclep,
376 968 476 1035 1016*
495 968 535 1035 10
552 972 573 1055 ἢ
589 963 636 1036 οἷν
653 967 670 1036 ὃ
687 966 783 1049 λόγος
797 966 839 1054 μὴ
857 967 901 1044 εἷς
916 992 974 1034 om.
989 970 1030 1035 Ah
1046 970 1144 1045 Alex,
1163 969 1232 1035 add.

223 1083 285 1148 rell.
304 1083 391 1150 codd.
408 1085 499 1162 Ascl,
525 1084 623 1180 1018,Ι
645 1085 687 1150 22
712 1082 781 1150 ολον
803 1081 839 1149 αλ
854 1087 990 1165 γενέσεις
1012 1088 1067 1148 eat
1088 1085 1233 1170 φθοραῖς

225 1195 295 1262 οἷον
317 1222 374 1264 om.
392 1199 434 1263 A¹³
451 1201 549 1276 Alex,
575 1223 613 1266 ex
636 1199 707 1264 salsa
724 1203 965 1287 interpretatione
981 1199 1049 1265 add.
1067 1200 1127 1265 rell.
1145 1199 1232 1266 codd.

224 1313 322 1390 Asel,
357 1312 493 1379 1032¹²4
522 1312 642 1399 ἕιιελνης
663 1311 725 1401 γόρ
749 1313 890 1395 ἀπουσίᾳ
912 1309 932 1399 ἢ
955 1315 1049 1390 νόσος
1070 1314 1129 1391 Al,
1158 1335 1232 1400 quo-

225 1451 290 1493 tum
315 1432 480 1493 consentirc
503 1429 622 1494 videtur
643 1431 730 1496 Alex.
755 1435 795 1496 ita
819 1433 1030 1516 interpretans:
1063 1427 1163 1514 δῆλον
1185 1428 1233 1492 ότι

224 1543 310 1616 ridde
335 1541 401 1606 ἐστι
422 1539 459 1607 cd
483 1543 568 1620 εἶδος
591 1547 645 1630 τῆς
669 1542 842 1631 στερήσεως
864 1558 895 1610 et
916 1542 1069 1619 ἀπιόντος
1092 1541 1154 1626 γὰρ
1177 1544 1234 1608 cori

224 1657 331 1732 εἴδους
366 1653 469 1732 scidiis
496 1657 515 1743 ἢ
546 1663 688 1746 στέρησις
716 1658 757 1724 cd
787 1662 892 1724 εἶναι
920 1659 1000 1740 ἔχεις
1036 1663 1233 1746 privationem

224 1777 315 1860 igitur
337 1795 398 1838 non
420 1775 509 1838 modo
526 1779 643 1860 aperiri,
668 1775 720 1840 sed
738 1779 824 1840 etiam
842 1776 943 1840 adesse
959 1788 989 1840 et
1004 1779 1140 1852 existere,
1163 1775 1233 1839 dum

225 1887 319 1953 lorma
350 1889 521 1964 decesserit,
551 1903 581 1953 et
609 1891 696 1955 lectio
725 1890 767 1954 Al
787 1903 817 1955 et
844 1891 931 1955 Alex.
949 1889 1131 1977 significant3
1159 1889 1234 1954 illud

232 2001 426 2086 adelericus«
450 2016 546 2068 antem
562 2004 623 2069 rell.
637 2006 724 2070 codd.
742 2005 884 2070 exhibent
898 2005 1078 2091 suffragante
1093 2006 1233 2091 Asclepio

226 2114 321 2198 (racel
345 2114 408 2202 γοὶρ
431 2113 490 2203 τήν
513 2114 677 2183 ἀπουσίαν
699 2121 753 2204 τῆς
774 2115 895 2199 ortator
914 2119 1068 2204 όηλοόοαι
1082 2117 1101 2204 ἢ
1116 2117 1233 2217 νόσος).

224 2233 277 2298 Ηίε
301 2234 442 2320 exemplis
466 2234 571 2299 addam
596 2257 638 2312 ea,
663 2238 693 2300 in
709 2237 819 2322 quibus
836 2236 955 2301 lectioni
970 2235 1057 2302 codd.
1075 2235 1116 2300 Ab
1132 2234 1232 2298 eadem

225 2349 387 2412 Alexandri
412 2353 573 2413 auotoritas
597 2349 703 2426 faveat,
728 2373 794 2415 cum
818 2351 938 2437 reliquis
961 2363 1057 2416 autem
1080 2349 1233 2414 codicibus

224 2464 354 2550 Asclepii
370 2464 473 2528 levitas
490 2485 549 2528 non
566 2465 747 2542 consentiam
771 2467 813 2529 sic
830 2463 908 2531 9852
926 2465 966 2530 10
982 2465 1234 2530 carcercareer

225 2577 325 2642 ιιοιιιόν
346 2601 405 2643 om.
423 2580 465 2644 A¹³
486 2580 571 2644 Alex.
590 2580 657 2645 add.
674 2581 737 2644 rell.
754 2580 852 2657 codd,
876 2594 911 2646 ut
934 2582 1090 2646 dictionem
1113 2583 1233 2646 concin-

224 2696 336 2758 niorem
359 2693 532 2760 redderent.
577 2691 655 2762 986·
676 2694 698 2759 4
720 2698 775 2757 καὶ
797 2693 857 2758 ὅσοι
880 2697 967 2776 εἶχον
989 2689 1233 2780 ὁμολογούμενα

225 2809 389 2876 δεικνύναι
404 2809 472 2875 add.
486 2810 572 2875 codd.
586 2824 704 2896 praeter
715 2811 757 2875 At
773 2823 940 2876 structurae
952 2811 1115 2899 explendae
1126 2833 1231 2889 causa;

225 2923 304 2990 99011
331 2923 373 2988 14
394 2920 539 2988 enceladi
561 2921 597 2988 cd
622 2935 710 2990 corta
731 2949 762 2989 τι
783 2928 971 3010 φθαρέντος
992 2926 1056 2990 τόν
1072 2925 1233 3012 φθαρτόν

223 3039 266 3105 Ab
287 3040 389 3118 Alex.;
414 3063 515 3104 omncs
538 3040 598 3106 lere
614 3041 674 3106 rell.
692 3040 778 3106 codd.
797 3046 1045 3108 constructionem
1062 3045 1231 3129 ceteroquin

225 3154 405 3230 obsoletam,
435 3157 464 3218 in
487 3156 649 3222 Aristotele
677 3170 775 3223 autem
803 3178 863 3222 non
891 3180 959 3222 raro
987 3157 1107 3224 ¹obviam
1118 3152 1138 3241 ¹)
1165 3159 1233 3222 usui

225 3270 480 3336 accommodantes
504 3275 685 3357 seripserunt
716 3275 972 3356 »φθαρέντανις
998 3271 1136 3339 1034123
1160 3270 1233 3336 ἀλλ’

224 3380 284 3450 ἐόν
305 3381 348 3470 μὴ
372 3384 510 3471 πήρωμα
532 3381 566 3476 ης
596 3383 669 3449 ἀλλ’
692 3386 729 3451 ab
758 3385 799 3450 Al
821 3387 907 3452 Alex.
924 3388 1105 3472 neglectum,
1130 3413 1147 3454 a
1169 3388 1231 3452 rell.

226 3499 312 3567 codd.
330 3499 462 3566 additum
487 3516 544 3580 est,
576 3516 610 3568 ut
632 3515 811 3568 structuram
835 3504 1024 3591 expedirent,
1055 3527 1240 3592 quamquam·

224 3618 322 3704 ipsum
345 3618 402 3682 hoc
425 3617 561 3695 fulcrum,
587 3618 748 3685 dummodo
770 3620 862 3688 verba
885 3615 924 3686 ori
945 3616 1008 3706 γόρ
1036 3661 1070 3672 -
1096 3615 1232 3707 ἧμιόνον

283 3859 302 3929 ¹)
321 3859 423 3928 Waltz,
444 3879 498 3934 urg.
511 3860 532 3916 l.
544 3880 568 3933 p.
581 3861 641 3920 493.
