2784 4606
624 361 670 424 att

143 533 211 602 ἐσιι
234 528 323 620 παρὰ
346 529 386 599 roi
410 537 636 612 καθ’ἔκαπα,
660 533 763 602 οὐθὲν
777 537 820 602 ἄν
834 539 882 622 εἴη
898 533 1022 621 νοητόν.
1051 535 1151 604 Verba

143 653 271 738 turpiter
294 651 420 718 lacerata
436 665 465 718 et
480 653 672 740 interpolata!
695 653 868 719 Rectissime
883 653 1037 718 Bonitaius
1051 665 1151 718 sustu-

143 767 179 832 lit
203 764 343 844 ridden
365 767 452 833 Alex.
476 780 611 846 secutus3
642 790 694 833 neo
724 772 837 834 minore
862 769 930 853 jure
953 767 1044 834 verba
1073 767 1152 833 ὅταν

148 921 182 934 -
198 881 278 966 ὕλης
300 905 339 948 ex
362 881 441 948 995¹³
458 882 499 948 35
532 883 633 963 »λέγω
657 883 695 948 δὲ
716 880 752 948 τὸ
770 883 905 950 σύνολον
919 881 1000 948 ὅταν
1014 904 1151 968 κατηγο-

144 997 233 1087 ρηθῇ
261 1021 291 1060 rr
317 999 372 1082 τῆς
399 996 496 1084 dine·
526 1000 605 1064 illata
636 1023 689 1064 nee
717 1012 786 1086 apte
815 1021 930 1065 annexa
957 1001 1151 1064 exterminare

145 1112 216 1176 mihi
239 1111 352 1178 videor.
391 1112 452 1179 Sed
475 1115 567 1180 multo
591 1118 709 1204 turpior
731 1116 920 1200 interpolatio
944 1116 1015 1178 iatet
1037 1116 1068 1178 in
1086 1135 1151 1178 ver-

143 1227 192 1292 bis
222 1223 311 1310 armori
341 1223 382 1290 aei
411 1231 492 1292 καθ’
515 1231 633 1294 enarra
662 1253 701 1294 ex
733 1227 812 1296 999ἃ
833 1227 876 1295 26
904 1229 1029 1294 iniarsis.
1076 1228 1151 1292 Nam

144 1342 234 1407 medo
251 1342 362 1420 videas,
387 1345 538 1430 quomodo
563 1347 635 1410 haee
650 1345 739 1411 verba
764 1367 879 1409 omnem
903 1367 1069 1409 connexum
1086 1365 1169 1408 seur

145 1461 302 1524 tertiarum
331 1457 498 1524 foedissime
527 1436 657 1526 turbent.
696 1462 727 1524 ln
751 1463 834 1525 initio
860 1463 964 1546 eapitis
986 1461 1037 1524 Ar.
1062 1480 1152 1546 quae-

144 1575 269 1638 ationem
293 1587 442 1652 moverat,
467 1598 503 1640 an
527 1575 598 1662 quid
622 1578 661 1639 sit
683 1589 799 1660 praeter
820 1597 867 1640 res
891 1576 1021 1664 singulas
1043 1595 1150 1651 neeuer

140 1689 206 1773 jam
232 1688 366 1754 refutatis
395 1692 447 1766 iis,
479 1692 530 1777 qui
557 1691 629 1754 nihii
658 1703 776 1776 praeter
804 1712 850 1755 res
881 1691 1012 1777 singulas
1038 1700 1152 1776 ponant

145 1798 318 1886 (26-29),
349 1809 476 1892 quaerit,
501 1805 641 1892 quidnam
658 1819 782 1891 praeter
804 1807 867 1872 ilias
891 1803 1078 1870 statuendum
1102 1806 1150 1868 sit.

145 1918 245 2004 Atque
274 1941 382 2005 genera
411 1923 581 2007 speciesque
610 1943 627 1985 a
657 1921 746 1986 rebus
775 1921 901 2008 singuiis
924 1921 1057 2005 sejuncta
1080 1921 1151 2005 poni

145 2054 205 2096 nou
230 2031 351 2113 debere,
371 2035 432 2119 jam
456 2038 555 2121 priore
578 2037 607 2098 in
632 2039 727 2122 eapite
751 2059 782 2100 se
806 2036 1021 2101 demonstrasse
1041 2035 1152 2100 iudicat

146 2143 198 2228 (-
214 2146 279 2229 33).
304 2150 409 2214 Restat
423 2152 524 2236 igitur,
544 2163 578 2214 ut
593 2150 703 2216 formae
720 2148 871 2236 (μορφαὶ)
887 2164 1064 2236 praeterret
1081 2171 1151 2214 non·

146 2275 241 2328 aretas
265 2259 317 2343 (τὰ
336 2261 471 2345 σύνολα)
493 2279 653 2351 ponantur.
688 2267 772 2331 Hane
788 2289 858 2331 vero
883 2269 1094 2353 quaestionem,
1118 2276 1152 2328 ut

145 2379 299 2456 intactam,
329 2381 416 2444 iatius
444 2383 485 2446 ita
515 2393 637 2457 tractat,
669 2395 703 2446 ut
730 2385 871 2467 primurn,
902 2381 1008 2468 enquid
1031 2382 1150 2446 omnino

145 2507 263 2580 praeter
273 2517 319 2560 res
332 2473 484 2560 eeneretas
496 2499 567 2582 poni
580 2496 699 2573 debeat,
717 2500 864 2562 examinet
876 2492 945 2576 (--ΙΙ
958 2493 1021 2577 15),
1036 2493 1149 2570 deinde,
1244 2535 1246 2540 -

146 2630 287 2696 quasnam
312 2623 428 2697 praeter
448 2632 494 2676 res
512 2611 621 2676 formae
636 2613 785 2698 sejunctae
800 2611 954 2699 ponendae
970 2613 1038 2689 sint,
1062 2629 1149 2698 quae·

145 2737 201 2790 rat
248 2726 348 2812 Atque
375 2725 443 2790 iude
473 2727 510 2791 ab
540 2727 570 2788 ai
595 2729 655 2809 μὲν
684 2723 743 2791 οὖν
765 2724 833 2811 (¹²1)
861 2749 955 2814 usque
979 2726 1016 2790 ad
1038 2719 1151 2788 troiad

146 2838 232 2914 sidae
248 2837 275 2920 (Β
288 2838 340 2924 16)
363 2862 425 2905 uon
448 2845 648 2928 quaestionem
673 2843 764 2907 multo
782 2843 870 2910 iatius
886 2855 1042 2929 patentem,
1067 2861 1151 2904 num-

147 2953 219 3041 quid
241 2970 359 3041 praeter
381 2979 427 3020 res
451 2958 592 3044 singulas,
617 2957 668 3022 sed
687 2961 851 3036 arctiorem,
876 2956 1020 3044 numquid
1036 2968 1152 3042 praeter

146 3091 193 3134 res
217 3085 368 3136 oooeretas
391 3073 579 3138 statuendum
603 3075 655 3150 sit,
685 3077 818 3150 tractari,
848 3073 1076 3148 luculentissime
1100 3094 1152 3157 ap·

145 3199 231 3272 paret
253 3207 291 3250 ex
313 3191 469 3274 postremis
489 3189 598 3263 verbis,
623 3188 732 3274 quibus
755 3189 827 3254 haee
851 3189 1012 3273 disputatio
1025 3173 1150 3252 ¹finitura

146 3300 176 3362 ei
199 3299 234 3364 dt
256 3301 349 3368 τοῦτο
373 3299 548 3379 ἀδύνατον,
571 3297 697 3387 ἀνάγκη
720 3327 750 3366 τι
772 3305 856 3370 εἶναι
874 3300 965 3390 παρὰ
981 3299 1016 3368 τὰ
1035 3299 1152 3370 σύνο-

148 3412 221 3480 λον
243 3411 303 3501 τὴν
324 3414 455 3504 μορφήν
477 3422 532 3482 καὶ
554 3414 589 3482 ad
613 3417 699 3494 εἶδος
717 3415 742 3498 (¹²
755 3417 817 3501 16).
849 3418 901 3484 Sin
918 3397 1014 3484 autem
1031 3419 1152 3505 vulgata

146 3530 238 3596 verba
268 3528 381 3619 »παρὰ
405 3529 446 3596 roi
469 3533 548 3598 καθ’
564 3535 701 3598 seona«
730 3535 900 3612 retinueris,
931 3537 1026 3598 omnis
1050 3533 1152 3618 dispu-

144 3647 228 3714 tandi
243 3651 333 3714 series
348 3651 582 3736 interrumpitur,
605 3651 777 3737 quaestione
788 3649 849 3735 jam
865 3671 956 3737 supra
972 3644 996 3731 (³
1007 3645 1151 3730 26ν-29)

146 3763 284 3830 absoluta
307 3785 385 3830 nune
408 3786 512 3832 rursus
535 3777 682 3853 tamqnam
708 3785 784 3830 neve
801 3760 942 3846 (drr233)
960 3768 1074 3842 iterata,
1098 3785 1152 3830 nee

147 3879 207 3946 ullo
232 3879 322 3944 modo
345 3893 547 3948 concatenata.
582 3880 626 3948 Ne
641 3881 780 3947 muitum:
805 3881 854 3946 iila
870 3881 961 3949 verba
975 3881 1013 3946 ab
1030 3903 1075 3959 eo,
1099 3881 1152 3967 qui
