2784 4606
644 419 804 431 -ιι--σιιι

220 508 262 573 Aa
279 508 558 602 omittendnmtesse
582 533 696 588 censen,
720 510 800 576 unde
823 510 871 576 hie
894 533 998 578 censue
1022 515 1136 581 existite
1168 517 1229 582 cui-

221 627 265 690 vis
289 629 363 691 enim
388 630 516 692 orationi
539 628 737 715 designandae
760 628 886 714 simplex
910 651 1015 694 nomen
1032 632 1157 694 inveniri
1173 653 1230 720 pe·

220 756 286 808 test.
318 742 399 808 Neve
413 745 563 832 vulgatam
580 745 733 809 lectionem
746 744 908 809 Alexandri
925 749 1101 812 auctoritate
1116 759 1226 823 tueare,

221 860 331 945 quippe
354 862 405 946 qui
427 854 547 925 ταύτόν
569 869 728 945 σημαῖνον.
748 861 853 947 legisse
875 861 1022 927 videatur.

289 972 389 1040 1030¹³
413 973 463 1040 18.
493 978 547 1038 aad
569 968 608 1040 od
630 971 713 1040 need
737 976 932 1059 συμβεβηκός
954 999 991 1055 yn
1013 969 1093 1041 οὔθ’
1117 975 1136 1062 ἢ
1160 1000 1229 1042 ιιοι-
1293 1033 1305 1048 ,

220 1087 313 1173 λόιης
335 1084 415 1154 οὐθ’
436 1087 456 1176 ἡ
479 1090 605 1175 σιμότης
634 1090 746 1164 πόθος
767 1090 821 1175 τῆς
844 1087 940 1176 ῥινός.
984 1090 1052 1155 Νοο
1075 1113 1130 1178 per
1152 1096 1229 1156 anei-

221 1202 292 1268 deus
321 1205 373 1268 sed
403 1227 456 1290 per
477 1227 509 1270 se
532 1201 629 1284 (καθ’
648 1201 746 1286 αὑτοὶ)
769 1207 953 1272 substantiae
981 1205 1133 1274 inhaerete
1160 1207 1227 1282 diei,

221 1339 346 1405 quorum
370 1321 399 1381 in
417 1319 637 1384 definitionibus
659 1321 851 1397 substantiae,
877 1323 1054 1408 quibuscum
1071 1323 1227 1412 eonjuueta
1307 1357 1311 1363 ·

220 1435 293 1509 sint,
323 1437 488 1500 necessario
518 1437 577 1499 sint
599 1435 807 1513 assumendae,
837 1458 875 1500 ex
899 1437 1040 1523 exemplis
1062 1438 1111 1501 hie
1134 1439 1227 1502 allatis

189 1555 197 1564 ’
221 1549 369 1635 colligitur
389 1562 418 1612 et
441 1562 540 1635 aperte
564 1549 688 1616 donetur
710 1533 1010 1641 an..p0snA.le.1v
1033 1550 1089 1616 73·
1102 1551 1143 1616 37
1162 1574 1226 1639 sqq.

220 1669 274 1728 nat
302 1661 388 1738 ὅσοις
415 1667 479 1728 τῶν
502 1661 750 1750 ἐνυπαρχόντων
772 1656 883 1741 αὐτοῖο
910 1659 994 1732 αότό
1018 1665 1054 1730 ἓν
1076 1671 1120 1755 τῷ
1143 1666 1228 1755 λόγῳ

220 1773 434 1864 ἐνυπάρχουσι
456 1779 500 1868 τῷ
521 1783 551 1842 τό
573 1780 638 1846 ἐστι
661 1779 820 1865 δηλοῦντι.
855 1781 914 1846 Sed
939 1785 1085 1848 cavositas
1108 1786 1227 1848 nonita

221 1907 266 1959 est
293 1909 478 1980 comparata,
511 1908 544 1960 ut
573 1896 608 1960 de
632 1917 692 1996 pue
717 1917 789 1962 naso
813 1882 929 1964 adnutu
954 1897 1085 1976 dicatur,
1115 1898 1167 1964 sed
1190 1898 1228 1964 ad

221 2032 334 2078 omnem
361 2033 423 2078 rem
453 2033 571 2088 cavam,
601 2033 794 2100 quaeeunque
823 2013 950 2100 denique
981 2014 1082 2092 fuerit,
1117 2016 1228 2110 pariter

219 2127 322 2192 referri
344 2141 452 2214 potest.
497 2129 598 2215 Itaque
622 2127 713 2194 verba
736 2124 815 2210 ota?
838 2125 856 2213 ἡ
880 2128 1023 2213 κοιλότης
1045 2121 1137 2205 οὗθ’,
1162 2151 1226 2216 pen-

219 2266 304 2309 vense
333 2265 371 2308 ex
399 2243 644 2330 praecedentibus
674 2240 779 2326 (³17)
809 2246 927 2330 illapsa,
963 2243 1135 2331 expellenda
1165 2266 1227 2309 esse

221 2381 335 2424 censen.

289 2472 387 2540 10312
402 2472 454 2540 25.
479 2471 551 2538 ἀλλ’
569 2477 644 2552 ἴσως
666 2471 697 2554 γ’
713 2474 815 2542 ἐκεῖνο
831 2474 955 2552 όόξτιυν
971 2472 1014 2540 eiu
1030 2477 1226 2561 συμβαίνειν,

143 2661 146 2668 ⁴
219 2587 260 2655 ad
279 2588 363 2674 ἅτεροι
383 2593 554 2669 γίγνεσθαι
567 2586 668 2655 nadad
684 2586 767 2655 ιιοτό
784 2591 986 2674 συμβεβηκός.
1019 2591 1227 2665 Τοοοιίοοτοοι

194 2719 417 2780 extremorum
441 2701 684 2790 (a'aiv‘diapmv)¹)
708 2713 810 2792 partes'
829 2710 859 2770 in
881 2706 1073 2792 praecedenti
1092 2707 1225 2792 exemplo

220 2823 292 2888 haee
321 2822 382 2886 dua
411 2822 594 2907 praedicata:
630 2814 799 2907 όυθρόπῳ
826 2823 909 2887 εἶναι
931 2835 961 2888 et
984 2816 1018 2886 τό
1043 2819 1146 2909 λευκῷ
1167 2818 1228 2886 όν·

219 2936 345 3022 θρόιτηι
360 2937 444 3000 εἶναι
466 2936 504 3001 ad
519 2957 611 3000 uuum
627 2937 793 3022 subjeetum
813 2937 904 3002 relata
920 2941 1131 3003 sustinuerant.
1166 2935 1228 3001 Sed

221 3075 286 3118 eum
314 3053 386 3117 haee
411 3051 529 3138 quidem
558 3073 618 3116 nou
647 3055 759 3140 pariter
782 3053 818 3118 de
847 3075 878 3118 re
902 3053 1035 3138 subjecta
1058 3051 1229 3138 praedicen-

220 3181 278 3243 tur,
304 3181 392 3255 atque
414 3170 491 3232 haue
513 3172 606 3254 ipsam
629 3167 668 3234 ob
685 3189 801 3234 causam
817 3171 933 3234 termini
949 3170 1055 3232 inventi
1070 3175 1227 3254 nequeant,

219 3286 288 3350 hine
311 3284 447 3348 concludi
469 3306 530 3349 nun
552 3297 653 3370 potest
676 3266 797 3350 aiterum
822 3286 904 3348 alteri
927 3283 1003 3349 idem
1026 3283 1131 3347 valere.
1168 3281 1230 3348 Sed

220 3404 248 3476 si
268 3399 435 3488 praedicata
465 3404 505 3466 ita
530 3413 701 3488 comparata
723 3413 807 3476 sunt,
838 3413 871 3464 ut
894 3412 1053 3486 utrumque
1076 3421 1130 3485 per
1153 3399 1228 3462 aeui-

145 3576 147 3580 .
221 3517 292 3582 deus
316 3517 354 3582 ad
376 3517 539 3602 subjectum
563 3516 709 3583 referatur
731 3512 812 3598 (οἷον
835 3509 871 3579 τὸ
895 3555 928 3566 -
950 3515 1034 3580 εἶναι
1056 3537 1085 3579 v.
1103 3513 1155 3592 27,
1173 3509 1230 3596 28)

220 3636 324 3702 vitium
359 3636 388 3698 in
424 3632 599 3720 praedicatis
629 3647 714 3700 antee
744 3635 847 3698 sumtis
876 3634 1061 3698 summissum
1091 3631 1238 3698 evitatur.-

279 3878 298 3948 ¹)
322 3877 353 3932 ei.
372 3878 474 3946 Waltz,
485 3895 547 3952 eng.
561 3879 587 3946 1,
605 3875 667 3934 382.
759 3848 769 3863 η
