2782 4612
657 341 816 442 „⁷3-

300 517 466 585 1070124.
494 519 549 584 aeti
570 519 614 594 alc
636 521 738 584 σαῦτα
761 517 971 609 decerpsisset}
995 517 1088 608 ἀρχῆ.
1126 523 1235 588 Eadem
1283 574 1289 580 .

232 634 321 700 verba
348 635 424 700 inira
445 636 459 681 t
480 633 521 700 29
544 635 696 700 redeuntia
721 637 873 702 Boniteius
903 659 940 702 ex
968 640 1144 704 auctoritate
1169 639 1233 704 cod.

231 749 272 816 Ab
287 762 316 814 et
338 750 425 816 Alex.
448 749 565 815 delevit.
612 749 673 816 Sed
695 765 773 818 reete
796 752 873 818 idem
896 755 925 816 in
949 751 1014 818 obs.
1033 775 1062 838 p.
1084 750 1146 818 130
1169 775 1236 818 cen·

171 868 179 877 '
231 877 330 930 suerat
354 867 502 952 aptissime
524 866 573 930 illa
594 866 685 932 verba
707 870 737 931 in
759 870 925 953 posteriora
948 867 1024 944 loeo,
1050 870 1146 932 minus
1170 881 1235 954 apte

231 985 260 1046 in
283 983 382 1067 priore
405 982 477 1068 legi3
500 983 600 1066 priore
623 984 698 1046 enim
722 983 789 1048 loco
813 983 905 1048 multo
924 985 1015 1070 magis
1032 994 1234 1068 exspectatura
1293 1000 1296 1003 ·

229 1100 283 1159 καὶ
305 1097 349 1171 εἷς
363 1099 464 1160 ταῦτα
480 1093 650 1178 διαιρεῖται
664 1093 704 1158 eei
721 1100 817 1162 αἴτια.
851 1097 945 1162 Doleo
961 1101 1054 1184 igitur
1069 1097 1235 1164 Ronitzium

229 1223 333 1298 postea
365 1209 570 1297 diplomaticae
598 1213 641 1274 rei
670 1223 784 1276 tantum
813 1213 967 1290 tribuisse,
1003 1225 1037 1276 ut
1064 1209 1235 1277 sententiam

229 1349 312 1390 suam
336 1328 511 1392 immutaret.
556 1325 615 1390 Res
640 1337 736 1391 autem
750 1331 801 1402 ¹ite
825 1327 999 1414 explicanda
1022 1349 1085 1392 csse
1108 1326 1233 1392 videtur.

229 1442 281 1506 Ar.
306 1442 354 1506 illa
377 1441 467 1506 verbe
491 1442 521 1505 in
546 1445 675 1528 margine
699 1446 746 1506 sui
768 1443 943 1529 exemplaris
966 1441 1128 1528 adjecerat,
1158 1441 1235 1506 unde

229 1557 267 1622 ab
290 1557 380 1620 altere
404 1553 512 1620 familia
536 1554 622 1619 codd.
647 1557 734 1621 nobis
758 1560 860 1644 ignota
884 1571 953 1644 post
975 1551 1171 1640 οἰκοδομική,
1198 1556 1234 1620 ab

229 1673 320 1738 altera
335 1667 389 1752 (Al
403 1668 503 1752 Alex.)
525 1684 595 1757 post
617 1666 718 1756 ἄμφω
742 1672 885 1736 collocata
908 1676 977 1738 sint.
1010 1671 1124 1736 Deinde
1139 1662 1246 1736 autem

229 1789 284 1852 bae
313 1787 389 1852 duae
416 1785 541 1850 familiae
570 1785 656 1851 codd.
686 1789 727 1850 ita
761 1789 976 1852 contaminatae
1005 1799 1090 1864 sunt,
1125 1800 1160 1852 ut
1187 1784 1235 1850 illa

229 1902 319 1968 verba
342 1915 469 1987 utroque
493 1902 558 1964 loco
583 1913 764 1987 ponerentur
786 1898 886 1981 (codd.
903 1898 989 1982 rell).

297 2014 395 2082 totta
409 2013 460 2080 24.
485 2011 532 2077 ἔνι
547 2010 582 2080 ot
595 2017 732 2094 γενέσεις
744 2013 934 2099 δηλοῦσιν-
946 2017 988 2080 ἄν
998 2018 1047 2100 sip
1060 2009 1095 2078 cd
1109 2011 1236 2096 ἀξίωμα

138 2197 139 2200 ,
229 2129 280 2198 31.
316 2131 348 2196 ln
370 2152 404 2195 ea
425 2143 508 2216 parte
525 2152 589 2218 cap.
600 2131 637 2219 ll,
663 2131 738 2218 qua'e
754 2133 889 2217 proxime
906 2129 1052 2195 antecedit
1068 2126 1233 2210 (la-24),

228 2247 280 2314 Ar.
305 2246 508 2314 mathematica
532 2267 658 2332 corpora
680 2246 865 2312 naturalibus
888 2268 947 2311 non
971 2248 1071 2333 priora
1096 2267 1158 2308 esse
1182 2243 1236 2308 do·

228 2375 343 2438 eucrat3
379 2383 490 2424 novum
525 2373 623 2425 autem
653 2374 857 2448 argumentum
889 2361 925 2424 ad
956 2361 1033 2425 bano
1061 2363 1235 2426 sententiam

142 2531 143 2536 1
228 2475 455 2543 confirmandam
483 2478 593 2540 nostris
616 2475 714 2540 verbis
743 2475 811 2540 addi
842 2473 998 2540 exordium
1021 2487 1135 2540 monet:
1169 2471 1235 2538 dae.

228 2591 288 2658 Scd
311 2603 425 2656 tentum
449 2591 542 2667 abest,
566 2586 601 2678 ut
623 2591 696 2656 haec
718 2612 765 2654 res
782 2589 1009 2666 demonstretur,
1035 2601 1068 2654 ut
1084 2587 1234 2676 quomedo

227 2730 273 2773 res
301 2706 523 2771 mathematicae
551 2708 643 2791 ipsae·
660 2707 737 2770 inter
759 2727 790 2772 se
819 2705 961 2793 dignitate
987 2703 1123 2768 differant
1146 2724 1235 2790 quae·

226 2837 318 2890 retur.
355 2821 429 2887 Cum
452 2842 544 2907 porro
566 2821 744 2912 praecedens
769 2823 984 2908 argumentatio
1002 2832 1031 2884 et
1048 2824 1113 2908 ipsa
1129 2831 1234 2886 natura

90 2939 93 2945 ’
226 2938 424 3026 generationis
452 2939 565 3000 nitatur
588 2931 649 3016 (19
672 2930 708 3000 ed
732 2931 793 3020 γὰρ
822 2932 932 3010 ἀτελὲς
953 2937 1094 3017 μέγεθος
1116 2937 1235 3015 γενέσει

225 3056 284 3135 μὲν
306 3046 493 3137 πρότερον),
525 3073 604 3116 nunc
633 3073 694 3115 non
722 3064 871 3138 tamquam
902 3073 980 3115 nova
1010 3049 1235 3138 argumentandi

226 3171 302 3232 ratio
327 3167 396 3232 addi
420 3166 535 3232 debuit:
559 3163 605 3229 ibe
628 3161 663 3228 oti
683 3167 820 3244 γενέσεις
844 3163 1005 3250 δηλοῦσιν.
1041 3166 1234 3252 Aptissimum
1326 3252 1333 3260 ν

226 3295 323 3348 autem
346 3283 442 3347 locum
464 3283 538 3346 haec
553 3281 644 3346 verba
667 3264 819 3358 tenebunt,
845 3284 869 3346 si
892 3295 985 3347 totam
1004 3280 1233 3364 disputationem

227 3395 355 3464 24-31
382 3410 452 3484 post
473 3418 502 3461 v.
520 3393 562 3462 36
586 3393 736 3480 ἐφαίνετο
759 3391 895 3475 πάσχειν
918 3397 1168 3460 collocaverimus.

291 3512 477 3580 Sublimem
506 3511 632 3598 denique
663 3511 752 3596 hujus
780 3511 988 3597 disputationis
1016 3512 1108 3597 partis
1137 3511 1235 3574 locum

225 3628 312 3716 longe
327 3629 561 3692 turbatissimum
577 3639 745 3702 tractemus,
763 3627 830 3692 libri
838 3627 881 3689 A.
897 3626 964 3691 dieo
981 3647 1066 3713 capp.
1083 3626 1122 3701 ll,
1139 3625 1174 3690 lll
1188 3623 1234 3688 vel

226 3746 327 3829 potius
354 3741 453 3810 1060ι
468 3740 591 3808 3--70ἃ
607 3740 658 3808 30.
701 3741 774 3806 Tam
799 3741 903 3806 crebro
928 3743 1004 3804 enim
1033 3742 1064 3804 in
1087 3741 1132 3804 hic
1155 3740 1235 3825 capi·

226 3860 306 3926 tibus
331 3858 404 3924 ordo
429 3859 638 3944 disputationis
661 3855 746 3922 foede
769 3859 1007 3942 interrumpitur,
1035 3865 1083 3920 tot
1105 3853 1234 3924 membra
