2782 4612
593 305 753 402 jnr-

169 487 238 571 Quo
255 508 346 574 porro
365 486 455 551 modo
472 483 614 550 mundum
631 505 749 548 movere
766 503 867 548 carens
884 505 1019 572 corpore,
1039 497 1091 550 aut
1107 505 1182 572 quo·

167 602 257 666 modo
281 623 397 686 semper
420 621 452 664 se
479 619 601 664 movens
625 619 688 664 esse
713 599 829 686 quietus
854 611 883 664 et
905 598 1010 664 heatus
1033 599 1175 685 potesti‘

233 717 313 781 Haec
334 714 426 780 verba
448 717 545 800 primo
569 715 772 808 inspicientem
796 733 919 799 magnus
944 727 1104 778 concentus
1128 714 1182 778 do·

169 833 289 906 cirione,
317 849 405 916 quam
429 827 534 893 Cicero
557 831 588 891 in
610 831 700 892 tertio
725 826 761 892 da
784 827 975 914 philosophia
997 828 1075 893 libro
1099 849 1183 915 repe-

169 943 241 1010 risse
265 943 347 1019 dicit,
366 956 401 1022 ,et
423 964 511 1030 quam
535 963 591 1006 nos
614 945 644 1005 in
667 940 744 1005 libro
768 942 972 1028 metaphysico
988 947 1032 1004 A.
1046 943 1181 1034 legimus,

170 1057 376 1143 obstupefecit.
422 1055 640 1122 lamllrischii
669 1058 804 1120 eximiam
833 1055 1061 1146 disputationem
1072 1050 1091 1136 ¹)
1115 1077 1183 1142 per·

169 1171 304 1237 lustrahti
334 1172 478 1236 sententia
507 1170 668 1236 doctissimi
692 1170 769 1233 illins
793 1172 865 1245 viri,
894 1169 1003 1235 lihrum
1028 1171 1183 1258 metaphy-

168 1290 261 1350 sicum
282 1289 329 1348 A.
348 1286 417 1350 huic
446 1286 534 1350 tertio
563 1284 600 1348 de
629 1285 819 1370 philosophia
849 1283 926 1348 lihro
956 1283 1081 1350 eundem
1109 1307 1182 1359 esse,

53 1391 58 1398 ’
88 1464 94 1474 ,
168 1402 262 1488 magis
284 1402 435 1486 magisque
458 1401 555 1462 animo
579 1419 611 1464 se
634 1400 805 1463 insinuavit.
842 1398 1010 1464 Sedunum
1027 1418 1183 1484 argumen-

168 1527 247 1590 tum,
279 1533 339 1600 quo
369 1514 441 1577 haec
470 1515 565 1578 omnis
588 1502 625 1576 lis
648 1512 805 1597 dijudicari
829 1513 951 1591 dehent,
982 1513 1020 1578 ah
1044 1512 1183 1577 ornnihus

169 1631 274 1704 mirum
297 1630 326 1692 in
350 1627 470 1692 modum
493 1627 657 1714 neglectum
681 1649 744 1692 esse
759 1649 832 1692 mox
849 1627 990 1692 intellexi.
1020 1625 1090 1690 Vidi
1106 1628 1182 1690 enim

168 1746 295 1830 primurn
311 1744 441 1806 omnium
457 1728 673 1827 explorandum
689 1763 763 1816 esse,
787 1723 886 1806 utrum
902 1739 1183 1805 Pseudoalexander

170 1860 231 1920 sive
258 1855 473 1920 commentator
495 1856 563 1919 libri
591 1849 721 1941 metaph.
745 1861 787 1918 A.
809 1855 904 1920 libros
932 1856 968 1919 de
992 1855 1183 1942 philosophia

170 1973 354 2058 cognoverit,
379 1989 479 2034 necne.
514 1969 615 2056 Atque
632 1970 805 2034 Alexandro
829 1973 973 2055 inspecto,
997 1971 1080 2034 illum
1104 1989 1183 2034 com-

169 2075 439 2150 mentatorcm'nou
455 2082 544 2148 modo
562 2096 607 2148 ter
620 2083 714 2148 lihros
733 2084 866 2148 debono
884 2079 972 2164 (588,
990 2084 1026 2161 2;
1051 2080 1126 2159 616,
1144 2082 1180 2160 23

170 2197 246 2277 669,
264 2198 307 2266 28
331 2197 377 2264 ed.
401 2195 502 2281 Bon),
525 2197 578 2264 sed
601 2201 688 2264 etiem
711 2200 800 2264 semel
822 2194 922 2280 (756,
947 2195 1005 2280 17)
1029 2197 1125 2262 libros·
1146 2197 1182 2264 dc

168 2301 360 2402 philosophie
383 2313 503 2380 laudare
527 2316 665 2401 cognovi.
710 2315 801 2378 Laeto
826 2316 923 2378 animo
947 2314 1015 2377 hinc
1039 2314 1180 2391 conclusi,

170 2451 236 2494 eum
269 2428 393 2505 librum,
434 2449 520 2514 quem
556 2427 660 2494 Cicero
695 2428 875 2504 laudaverit,
910 2426 1183 2494 Pseudoalexaudri
1235 2497 1244 2511 ,

170 2555 386 2630 temporaneo
411 2545 473 2628 jam
497 2555 611 2629 partem
633 2543 778 2608 librorum
802 2541 838 2606 de
860 2541 1053 2628 philosophia
1075 2541 1191 2622 luisse;·

169 2679 236 2722 unm
252 2660 278 2722 si
293 2659 340 2722 ille
354 2669 499 2724 tractatus
520 2670 633 2744 partem
649 2657 739 2742 hujus
754 2658 854 2742 operis
871 2655 1024 2732 effecisset,
1049 2655 1182 2722 Pseudo·
1229 2695 1237 2704 -

170 2772 362 2839 alexandrum
397 2786 475 2840 certe
508 2775 539 2838 in
566 2772 643 2838 libro
667 2774 711 2834 A.
740 2769 916 2858 explicando
938 2783 1008 2840 ,tam
1038 2785 1181 2858 cognatae

170 2887 379 2974 disputationis
403 2890 521 2973 saepius
546 2889 721 2951 mentionem
744 2886 893 2952 iacturum
917 2886 1009 2952 luisse¹
1024 2889 1181 2954 ratiocina-

170 3014 219 3066 tus
241 3023 316 3066 sum.
347 3003 488 3077 Accessit,
514 3001 597 3088 quod
612 2995 837 3087 Sosigenem')‚·
851 2999 1003 3066 Ciceronis
1020 3001 1180 3088 aequalem,

170 3117 388 3180 accuratissime
411 3115 447 3180 de
470 3116 663 3202 sphaerarum
685 3116 836 3192 doctrina,
861 3118 891 3179 iu
914 3115 991 3180 libro
1007 3119 1050 3179 A.
1068 3137 1181 3202 propo·

26 3249 28 3256 ’
169 3233 242 3306 sita,
272 3232 382 3317 egisse,
413 3230 536 3318 ejusque
562 3229 672 3296 librum
694 3229 878 3318 Simplicium
906 3230 1041 3298 manibus
1067 3232 1181 3296 trivisse

169 3367 208 3418 ex
241 3346 307 3430 ipso
342 3343 493 3432 Simplicio
530 3368 729 3435 cognoveram
763 3342 833 3428 (Ar.
870 3345 962 3414 schol.
994 3338 1039 3410 ed.
1069 3345 1179 3410 Brand.

169 3456 249 3526 49811
267 3457 300 3537 l;
324 3457 403 3524 500³
416 3459 470 3536 41,
494 3458 584 3540 l393
608 3458 743 3542 50117).
779 3460 952 3548 Sosigenem
974 3461 1055 3526 illum
1079 3463 1110 3526 in
1124 3483 1180 3526 nu·

228 3635 455 3712 ¹)'Forschnngeu
478 3639 524 3693 aul
544 3640 600 3694 dem
620 3641 724 3696 Gebiete
748 3641 793 3695 der
817 3640 884 3695 alten
905 3641 1072 3714 Philosophia
1090 3641 1102 3696 l
1121 3659 1179 3714 pag.

170 3733 328 3790 tte-311.
806 3741 813 3766 ¹

228 3834 248 3901 ')
274 3831 361 3888 Alium
385 3834 534 3906 Sosigenern
561 3842 661 3906 praeter
684 3833 847 3888 notissimum
870 3833 944 3890 illurn
966 3835 1179 3902 mathematicum,

171 3927 285 3988 caesam
304 3938 384 3988 acute
401 3931 548 4001 florentem,
566 3949 694 4004 nunquam
712 3931 844 4005 explorare
861 3933 942 4005 potui.
1117 3929 1139 3944 “’
