2784 4606
648 441 807 454 ...u—r·-

221 559 342 627 magnaa
361 535 464 604 turbas
488 537 631 611 excitent,
663 557 715 601 nec
738 535 862 600 moltam
885 533 1023 623 dignitati
1046 531 1157 600 codicis
1180 532 1231 599 dc·
1274 531 1280 538 '

220 656 354 732 trabant3
385 657 427 719 sie
455 651 535 720 984⁸
557 649 594 717 11
628 654 805 716 τουτέστι
831 647 890 736 τὴν
917 644 1084 736 τιοιηιιιιὴν
1109 649 1233 716 τούτων

93 807 100 822 ·
149 809 152 814 ·
221 767 258 836 εὖ
273 767 358 850 ἔχειν
373 771 429 832 καὶ
443 765 550 842 καλῶς
573 765 640 832 add.
658 766 713 842 Al,
733 764 831 832 1009⁸
846 764 889 831 26
904 768 1109 832 τουτέστιν
1125 765 1163 830 ὃν
1177 768 1233 830 καὶ

219 881 263 970 μὴ
287 879 335 961 ὄν,
361 883 459 950 1023·
473 882 513 948 21
539 877 641 958 ἄτλας
665 873 856 967 δὀιῖροινὸν
878 875 976 964 septe
991 876 1056 960 ἔχει
1078 881 1231 968 κρατερῆς

220 996 277 1066 dr?
289 997 430 1086 ἀνάντης
442 998 509 1064 add.
520 997 573 1074 Al,
590 995 690 1063 1012¹³
706 995 744 1062 17
759 995 798 1062 ὅν
809 1011 909 1082 φησιν
916 990 1015 1072 adadu
1025 996 1109 1061 strae
1120 991 1231 1082 aitqua}

221 1113 340 1190 ἓιετνός
356 1129 435 1200 φησι
449 1107 491 1199 μή
508 1113 592 1176 εἶναι
607 1109 718 1198 ἀληθῆ
734 1112 801 1177 add.
816 1111 865 1178 Al
894 1111 1039 1178 Graviore
1055 1131 1125 1177 sane
1140 1115 1231 1178 inter·

220 1233 372 1319 polatione
400 1231 430 1294 hi
460 1229 517 1294 loci
546 1228 697 1292 laborant:
734 1225 813 1294 994·
834 1226 876 1292 22
900 1228 920 1312 ἢ
943 1227 984 1292 Al
1004 1227 1071 1292 loco
1099 1220 1179 1312 psall
1202 1239 1232 1293 et

224 1344 322 1412 1008ἃ
336 1346 379 1411 22
401 1344 564 1428 βαδίσειεν
585 1343 672 1408 Alex.
696 1342 775 1408 Ascl.
800 1341 924 1426 νοήσεις
938 1343 994 1420 Al,
1019 1364 1107 1430 quam
1129 1342 1231 1408 lectio-

221 1483 287 1527 narn
317 1474 346 1526 et
373 1465 466 1548 ipsam
499 1483 536 1525 ex
565 1461 741 1549 glossemata
763 1461 915 1544 irrepsisse
949 1471 1098 1525 structura
1126 1479 1231 1546 perum

222 1579 397 1643 concinnata
421 1588 528 1642 monet.
576 1575 636 1641 Sed
659 1575 835 1662 paucissima
859 1587 930 1640 eunt
952 1574 1095 1662 exempla,
1122 1574 1231 1662 quibus

222 1692 287 1760 cod.
304 1693 345 1756 Ab
358 1693 566 1780 interpolatum
582 1713 646 1758 esse
662 1703 741 1757 certa
756 1693 870 1756 ratione
882 1689 1047 1756 confirmari
1056 1691 1160 1778 possit,
1178 1709 1232 1756 nec

222 1831 265 1886 aa,
283 1829 358 1896 quae
371 1809 525 1873 Bonitzius
540 1801 711 1887 landavit'),
728 1808 827 1870 omnia
843 1806 900 1869 bue
915 1805 1059 1888 trahenda
1069 1818 1149 1883 sunt,
1165 1827 1231 1872 eum

222 1924 278 1989 alia
303 1945 340 1988 ex
363 1923 449 2010 lapsu
465 1923 582 1998 calami,
608 1921 664 2012 clip
680 1943 718 1986 ex
735 1920 852 1986 diversa
868 1921 1037 1986 recensione
1052 1924 1147 2010 repeti
1162 1943 1232 2010 pos·

221 2042 290 2116 sint,
306 2041 337 2102 in
354 2040 418 2103 aliis
434 2037 560 2124 denique
573 2049 741 2124 quaeratur,
759 2057 828 2101 num
842 2038 962 2100 omnino
974 2040 1034 2102 sint
1044 2030 1230 2125 interpolata.

287 2154 353 2220 tam
382 2154 490 2219 affatim
518 2152 646 2219 indolem
674 2154 741 2218 cod.
766 2151 807 2218 Al
826 2154 1009 2218 examinasse
1042 2165 1071 2218 et
1099 2153 1230 2220 debitum

221 2270 365 2336 honorem
399 2273 423 2335 ei
458 2269 621 2335 reddidisse
657 2269 726 2332 mihi
761 2268 873 2334 videor.
931 2269 1049 2356 Duplici
1085 2271 1161 2334 enim
1196 2268 1233 2334 de

222 2405 309 2452 causa
338 2387 435 2471 magni
464 2387 488 2448 is
518 2384 614 2448 codex
643 2383 840 2449 aestimandus
872 2395 929 2450 est:
970 2386 1112 2471 primum,
1150 2383 1232 2473 qnod

123 2520 132 2526 ·
222 2501 341 2566 alteram
365 2501 562 2564 recensionem
586 2499 673 2566 uobis
689 2502 827 2576 servavit,
853 2499 968 2577 deinde,
994 2503 1063 2588 quia
1079 2523 1118 2566 ex
1133 2521 1232 2566 exem·

221 2617 296 2704 plari
326 2618 485 2702 purissimo
515 2627 544 2679 et
578 2616 768 2703 integerrimo
799 2619 955 2680 emanavit.
1007 2615 1103 2680 Multo
1139 2618 1231 2704 magis

223 2725 319 2796 autern
335 2733 460 2796 virtutes
483 2730 571 2816 hujus
596 2731 708 2795 codicis
729 2730 883 2796 illustrabo
900 2732 1082 2819 singulorum
1098 2727 1231 2798 lo'eorum

221 2849 406 2922 tractatione,
431 2845 580 2933 adquam
605 2846 819 2910 dissertationis
842 2854 955 2933 partem
979 2849 1050 2913 mihi
1075 2849 1137 2934 jam
1160 2865 1232 2935 pro·

222 2961 383 3026 cedendum
407 2971 460 3026 cst.
497 2961 596 3049 Atque
619 2963 676 3026 hoo
700 2981 819 3027 munere
843 2965 883 3026 ita
907 2961 1022 3050 fungar,
1047 2976 1082 3028 ut
1103 2965 1231 3051 primurn

222 3075 354 3142 ordinm
385 3077 527 3141 librorum
562 3079 831 3166 metaphysieorum
859 3091 978 3143 secutos
1008 3079 1091 3144 locos
1121 3081 1232 3166 promi-

222 3213 310 3257 scuos
338 3194 485 3281 corrigere
516 3207 604 3282 utque
634 3193 787 3260 emendare
817 3194 966 3272 studeam,
997 3193 1104 3260 deinde
1130 3217 1231 3262 omnes

222 3326 273 3373 eos
295 3309 387 3384 locos,
413 3310 464 3395 qui
488 3307 525 3373 ad
542 3308 695 3397 duplicem
719 3311 918 3374 recensionem
940 3322 1082 3396 spectent,
1107 3333 1145 3376 cx
1161 3333 1232 3376 oon·
1336 3389 1340 3395 .

221 3426 304 3490 tiana
326 3427 400 3489 serie
424 3445 592 3513 persequar.
625 3426 662 3489 Hi
687 3427 761 3490 anim
785 3425 844 3488 loci
860 3427 937 3490 viam
961 3425 1030 3489 mihi
1054 3425 1232 3514 patefacient

222 3553 433 3566 ιυι-ι-ι--ι--α-υ

280 3607 298 3672 ¹)
323 3605 419 3659 Gavcas
438 3614 535 3671 tamen,
560 3623 591 3660 ne
609 3607 744 3660 lectionem
763 3623 794 3660 ex
811 3609 929 3680 ignorato
948 3611 999 3663 isto
1019 3611 1104 3664 minua
1123 3609 1234 3664 solemni

220 3719 271 3756 usu
289 3702 426 3772 particulae
444 3701 515 3776 »μιὶι
532 3703 709 3774 interpolatam
728 3720 784 3758 ease
803 3711 892 3775 putes;
911 3707 998 3763 eadem
1017 3710 1083 3763 eninr
1094 3708 1133 3764 via
1151 3707 1230 3778 hujus

207 3799 358 3872 'particulae
376 3817 390 3852 a
409 3800 466 3854 cod.
479 3801 515 3855 Ab
527 3810 627 3857 servata
645 3810 685 3856 est
703 3799 839 3858 suaerat.

279 3896 299 3966 ¹)
323 3895 463 3968 Metaphd.
482 3897 561 3969 praei.
573 3897 648 3954 XVI.
