2782 4612
642 420 801 432 —n———a

285 511 438 580 1078126
463 512 485 576 d
507 506 568 598 reip
590 513 653 578 aaa
674 514 705 576 si
724 510 767 598 μή
790 533 854 578 που
871 509 911 598 ἦν
926 507 1107 599 ἆδιάιρττος
1121 507 1244 598 einim·

215 651 272 712 χεν
300 623 403 715 αὐτῷ,
435 627 535 714 δῆλον
557 626 606 692 ὅτι
629 632 683 692 καὶ
707 626 785 692 ἄνευ
807 627 928 694 τούτων
951 627 1113 722 ludigarus
1136 620 1225 714 αὐτῷ

215 744 372 830 ὑπάρχειν
398 739 434 808 τὰ
465 739 614 808 δυνατόν.
653 743 784 809 Vulnera
812 745 881 808 huic
910 745 976 808 loeo
1000 747 1087 808 insita
1111 742 1223 809 nudare

215 867 287 928 satis
315 860 427 939 habeo,
458 881 561 924 sanare
591 859 725 945 despero.
765 861 864 947 Atque
887 862 1012 947 primum
1038 882 1220 947 quaeramus,

141 997 143 1004 ·
217 977 288 1066 quid
317 977 373 1041 sub
401 976 499 1040 verbis
527 971 607 1038 ἄνευ
635 972 758 1039 τούτων
780 976 1001 1063 intelligendum
1031 977 1079 1040 sit.
1120 975 1223 1057 Quivis

216 1093 253 1158 ad
282 1093 435 1190 consilinm
466 1090 674 1177 disputationis
704 1094 845 1155 attentior
868 1089 1076 1176 respondebit:
1106 1111 1223 1176 praece·

217 1208 315 1272 dentia
338 1208 385 1271 illa
409 1200 489 1268 οὔθ’
512 1199 533 1293 ᾗ
554 1199 734 1288 ἅνθρωπος
757 1204 835 1268 οὔθ’
850 1199 870 1294 ᾖ
885 1202 1076 1288 ἀδιαίρετος.
1105 1206 1147 1269 Ar
1163 1205 1223 1270 duo

216 1333 388 1410 argumenta
422 1319 545 1384 alterum
579 1319 722 1383 infirmius
758 1321 881 1384 alterum
916 1323 1058 1384 invictum
1094 1319 1221 1385 obstant.

216 1437 290 1502 Nam
325 1457 390 1499 eum
418 1433 511 1499 verba
540 1437 595 1497 ista
627 1433 715 1497 modo
746 1434 833 1498 allata
862 1432 940 1498 οὔθ’
975 1467 1009 1480 -·
1042 1426 1224 1518 ἀδιαίρετος

216 1553 375 1616 remotiore
398 1550 463 1615 loco
481 1551 589 1635 posita,
614 1561 702 1635 atque
717 1550 803 1635 plena
819 1549 1007 1614 distinctions
1024 1547 1140 1614 divulsa
1155 1553 1222 1624 sint,

216 1669 354 1755 proximo
386 1677 483 1729 autem
511 1663 577 1727 loco
607 1675 696 1750 atque
726 1663 799 1728 adeo
829 1667 859 1727 in
887 1663 988 1728 cedem
1020 1666 1224 1730 enunciatione

217 1783 279 1848 sola
314 1778 502 1844 indivisibilis
532 1776 659 1841 hominis
688 1790 793 1842 natura
827 1781 1016 1865 respiciatur,
1053 1798 1112 1842 noa
1147 1777 1223 1842 ἄνευ

216 1896 338 1961 τούτων
361 1894 412 1962 sed
436 1893 514 1957 niveo
536 1889 652 1958 coriaco
676 1897 779 1957 merito
804 1906 1003 1980 exspectatur.
1043 1892 1105 1958 Sed
1128 1915 1225 1959 exem·

217 2013 297 2099 plum
314 2007 445 2096 ejusdcm
461 2011 654 2073 inconstantis
670 2010 803 2073 licentiae
816 2013 843 2072 in
860 2021 1001 2096 promptu
1019 2020 1071 2086 est,
1093 2007 1225 2076 1078e2

218 2123 275 2194 οὖα
298 2127 328 2189 ai
349 2127 545 2209 συμβέβηκεν
568 2119 709 2208 αἰσθητοὶ
728 2124 811 2187 εῖναι
834 2116 880 2187 aiv
895 2120 961 2185 ἐστί
972 2167 980 2184 .
992 2167 1020 2184 ..
1036 2116 1077 2186 ori
1094 2124 1157 2186 τῶν
1173 2123 1225 2186 αϊ-

219 2241 350 2328 odqeeiv
368 2238 495 2304 ἔσονται
517 2235 552 2301 oei
573 2241 800 2322 μαθηματικαὶ
815 2236 993 2323 ἐπιστῆμαι.
1027 2238 1226 2303 Nihilominus

216 2357 309 2422 verba
337 2354 417 2420 ἄνευ
441 2354 564 2417 τούτων
586 2354 642 2417 hac
670 2357 784 2418 ratione
814 2354 956 2439 explicari
985 2366 1145 2441 nequeunt.
1193 2355 1225 2417 ln

215 2467 350 2555 ,extrema
378 2469 585 2534 enuntiatione
613 2467 685 2533 illud
714 2463 750 2531 'ed
781 2463 922 2533 δυνατὸν
950 2469 1075 2554 subjecti
1107 2491 1225 2534 munere

217 2587 300 2673 fungi
324 2588 388 2676 ipsa
412 2597 560 2648 structura
585 2583 703 2647 abunde
727 2583 822 2647 docet.
857 2583 967 2669 ltaque,
992 2604 1028 2647 nc
1052 2586 1136 2670 prior
1156 2605 1225 2671 pars

219 2703 432 2767 enunciationis
461 2720 585 2785 prorsus
610 2697 807 2774 discindatur,
840 2696 913 2762 illud
936 2700 1031 2783 ipsum
1056 2696 1076 2762 ὅ
1096 2696 1160 2783 γὰρ
1183 2732 1226 2746 —-

218 2813 304 2901 αὐτῷ
320 2814 557 2879 subaudiendum
574 2826 661 2899 atque
678 2816 718 2877 ita
736 2811 965 2876 construendum
982 2827 1041 2878 est:
1065 2813 1164 2898 δῆλον
1179 2812 1228 2877 ὅτι

217 2935 272 2994 καὶ
294 2926 379 2999 ἄνευ,
396 2927 526 3003 ταύταν,
550 2925 573 2989 ἆ
594 2927 655 2991 κᾶν
676 2928 706 2990 ei
724 2965 757 2978 -
782 2926 946 3007 ἐνδέχεται
968 2922 1057 3016 αὐτῷ
1071 2917 1226 3012 ὑπάρχειν

217 3041 252 3110 ed
297 3043 444 3108 δυνατόν.
502 3044 565 3108 Jam
607 3065 683 3130 quae
724 3055 896 3129 portentosa
937 3044 1039 3129 prodit
1072 3046 1224 3118 sententia,

219 3159 447 3248 quidalienius
480 3159 518 3224 ab
549 3135 678 3224 auctoris
707 3158 851 3222 consilio?
890 3157 950 3222 Sed
979 3179 1054 3244 quae
1084 3159 1226 3222 medicine
1282 3187 1287 3193 ·

218 3272 365 3340 afferenda
390 3274 453 3339 est?
477 3273 715 3360 interpunctione
737 3270 862 3337 sortasse
878 3273 974 3360 aliqua
991 3285 1068 3346 certe
1090 3285 1226 3359 exparte

219 3402 368 3456 structura
393 3389 526 3476 expediri
550 3401 663 3474 potest,
694 3387 782 3452 modo
807 3386 879 3451 illud
904 3383 1045 3453 δυνατὸν
1067 3389 1226 3453 mathema·

218 3510 305 3577 ticam
344 3507 512 3592 qualitatem
545 3504 786 3592 'magnitudinum
825 3503 1002 3588 peculiarem
1038 3504 1225 3589 significaret.

218 3623 319 3709 Atque
342 3621 434 3688 Plato.
457 3619 631 3706 quidem'in
656 3621 811 3684 Theaeteti
834 3640 859 3682 e.
873 3617 909 3682 V.
927 3619 1110 3684 subtiliorem
1134 3625 1228 3706 quan2

220 3737 285 3801 dam
311 3740 459 3831 potentiae
475 3738 534 3800 vim
559 3736 595 3800 ad
619 3736 709 3800 lineas
733 3727 902 3821 liguresque
925 3736 1034 3811 retulit,
1058 3755 1112 3799 nec
1131 3741 1226 3799 tam'en
1273 3779 1279 3795 .

219 3873 372 3916 numerum
402 3851 536 3916 exclusit.
576 3851 671 3915 Multo
697 3849 862 3917 distinctius
886 3851 937 3915 Ar.
955 3853 1144 3937 geometriam
1167 3867 1227 3914 uon
