2784 4606
650 329 809 424 ...ψῃ-
838 377 841 384 .

226 530 264 574 ex
286 507 375 576 rebus
399 505 477 588 lalsis
502 507 648 595 explicare
671 508 779 595 potuit.
806 505 891 578 'Cum
915 531 984 574 vero
1000 507 1053 576 Ar.
1076 509 1163 598 plura
1183 533 1235 598 ge·

226 647 295 690 nera
318 627 428 690 entium
452 638 481 690 et
503 647 563 688 nou
588 627 698 690 entium
723 623 921 702 distinxisset,
947 628 1057 713 optime
1078 649 1109 691 se
1124 626 1236 694 hahent

226 741 317 807 verha
345 734 472 825 scirpea*
503 735 647 832 ὄντωνῇ
675 740 797 826 ψευδῆ,
827 764 887 829 quo
917 743 1004 806 simili
1032 764 1120 808 sensu
1148 756 1235 834 antea

227 856 316 922 dixit:
340 857 440 922 οὕτω
463 851 525 940 ydp
549 852 607 920 otia
631 856 708 922 ὄντα
730 855 831 920 ταῦτα
854 853 957 939 (¹¹21).

295 971 393 1038 1026⁸
410 971 459 1036 13.
484 969 503 1056 ἢ
525 967 662 1055 μὲνγὰρ
686 967 803 1058 φυσικὴ
818 978 891 1058 περὶ
906 971 1068 1060 ἀχώριστα
1084 974 1144 1056 μὲν
1158 967 1235 1036 ἀλλ’

227 1084 285 1152 otia
313 1080 463 1172 ἀκίνητα,
500 1090 554 1172 τῆς
582 1087 619 1150 δὲ
646 1088 872 1174 μαθηματικῆς
901 1087 971 1152 ἔνια
1000 1094 1073 1171 περὶ
1101 1082 1235 1172 α’κίνητα

225 1205 285 1284 μὲν
301 1199 339 1267 od
353 1197 492 1285 χωριστὰ
508 1198 540 1265 d’
556 1205 646 1277 ἴσως,
670 1198 745 1266 ottt'
763 1196 806 1276 ὥς
820 1186 857 1268 tc
872 1203 946 1294 ὕλῃ·
970 1202 989 1288 ἢ
1006 1204 1043 1268 δὲ
1058 1204 1166 1290 πρώτη
1181 1206 1237 1268 καὶ

227 1321 300 1402 περὶ
327 1310 465 1402 χωριστὰ
495 1320 549 1379 καὶ
571 1313 714 1400 ἀκίνητα.
759 1317 882 1397 Nescio,
916 1342 954 1384 an
978 1333 1080 1384 contra
1105 1321 1235 1385 omnium

227 1431 362 1496 codicum
379 1444 569 1519 veterumque
592 1447 853 1498 commentatorum
878 1439 1081 1501 auctoritatem
1105 1433 1235 1500 scriben-

228 1547 298 1612 dum
327 1549 380 1610 sit:
419 1544 439 1632 ἡ
467 1542 610 1630 μὲνγὰρ
640 1545 755 1634 φυσικὴ
780 1555 852 1635 περὶ
874 1546 1012 1634 χωριστὰ
1035 1553 1126 1634 μέν..
1148 1551 1233 1628 Nam,

227 1665 258 1726 ni
280 1663 467 1728 vehementer
490 1661 586 1741 fallor,
613 1663 685 1729 haec
708 1666 773 1731 vult
794 1667 863 1743 An,
896 1668 1048 1754 physicam
1073 1679 1102 1732 ot
1124 1668 1235 1732 mathe-

227 1781 362 1845 maticam
393 1801 458 1844 cum
482 1781 576 1864 prima
598 1780 789 1867 philosophia
813 1781 869 1846 alla
892 1784 922 1846 iu
946 1805 977 1846 ro
1001 1786 1173 1860 convenire,
1204 1785 1234 1845 in

228 1896 283 1959 alia
306 1894 472 1972 discedere3
499 1894 605 1982 quodsi
627 1898 722 1980 prima
745 1898 934 1985 philosophia
959 1897 1107 1964 derebus
1131 1911 1160 1963 et
1182 1921 1236 1984 per

228 2034 259 2076 se
287 2010 483 2078 existentibus
513 2007 708 2092 (χωρισταΐς)
736 2025 764 2077 et
794 2016 920 2078 immotis
945 2009 1131 2100 (ἀκινήτοις)
1156 2028 1233 2103 agat,

227 2130 257 2191 in
281 2127 484 2192 mathematica
506 2149 553 2191 res
582 2130 718 2194 immotas
742 2128 860 2216 quidem
883 2128 935 2194 sed
959 2151 1018 2194 non
1042 2151 1095 2216 per
1118 2153 1149 2196 se
1172 2135 1234 2198 exi·

228 2256 347 2321 stantes,
370 2248 400 2307 in
424 2245 548 2332 physica
572 2258 668 2310 autem
690 2267 737 2308 res
758 2267 811 2331 per
826 2268 857 2310 se
874 2244 990 2333 quidem
1008 2249 1167 2314 existentes
1182 2247 1235 2313 sed

227 2382 287 2424 non
316 2364 450 2424 immotas
466 2363 607 2436 tractari.
654 2360 753 2446 Atque
780 2360 853 2424 haec
876 2333 1047 2447 conjecturax
1069 2368 1233 2428 necessario

228 2499 245 2540 a
261 2475 473 2561 significatione
489 2477 699 2563 particularum
715 2479 774 2560 μὲν
786 2517 819 2528 -
830 2472 904 2541 ottt'
917 2474 955 2543 οὐ
966 2479 1093 2565 flagitari
1107 2480 1233 2545 videtur.

226 2591 302 2656 Nam
326 2612 391 2655 cum
414 2613 460 2656 res
484 2614 537 2677 per
553 2615 583 2656 se
607 2596 766 2658 existentes
788 2593 877 2658 rebus
901 2595 1124 2661 inhaerentibus
1140 2596 1234 2684 digni·

227 2720 288 2771 tate
318 2709 485 2794 superiores
519 2709 594 2785 sint,
630 2711 694 2772 istis
723 2721 819 2773 auteur
848 2709 1001 2795 particulis
1032 2710 1187 2776 descensus
1217 2735 1234 2775 a

227 2825 365 2910 graviore
388 2822 425 2886 ad
452 2822 618 2886 inferiorem
642 2845 702 2887 rem
726 2824 886 2901 indicetur,
917 2848 976 2889 uon
1000 2821 1160 2912 ἀχώριστοι
1183 2825 1236 2891 sed

173 2991 177 2999 .
227 2931 366 3022 χωριστὰ
395 2935 495 3000 eadem
524 2940 639 3002 ratione
667 2937 822 3003 dicendum
851 2939 920 3017 suit,
953 2963 1009 3027 qua
1038 2945 1175 3028 proxima
1204 2944 1234 3004 iu

227 3067 312 3140 parte
337 3052 523 3118 descenditur
546 3058 617 3136 περὶ
640 3051 773 3138 ἀκίνητα
794 3059 854 3137 μὲν
876 3051 917 3120 oei
937 3051 1076 3140 χωριστὰ
1102 3053 1134 3119 δ’
1151 3059 1234 3130 ἴσως.

229 3168 318 3251 Quod
341 3169 379 3233 ad
399 3179 462 3233 'rem
484 3173 578 3255 ipsam
602 3173 707 3234 attinet
721 3169 756 3234 el.
773 3170 800 3233 H
819 3193 843 3235 e.
860 3171 881 3234 l.
908 3168 1007 3235 tutte
1022 3169 1040 3234 7
1058 3168 1234 3254 ὁμὺλογού-

228 3306 323 3369 peace
337 3285 397 3367 μὲν
412 3283 467 3362 (sc.
485 3280 602 3365 orietur)
624 3281 659 3347 ui
674 3290 821 3371 φυσικαί·
846 3286 882 3350 de
906 3285 1013 3374 quihus
1036 3287 1136 3372 paullo
1160 3285 1234 3352 inlra

229 3400 297 3466 229
322 3399 494 3471 dictasunt
516 3401 604 3466 haece
627 3403 732 3484 τρίτον
748 3401 786 3465 δὲ
808 3396 843 3467 ad
869 3401 903 3465 ἐκ
925 3401 1046 3466 τούτων
1062 3397 1103 3468 od
1115 3405 1235 3483 γένεσις

228 3512 331 3600 μόνον
354 3519 409 3582 καὶ
431 3515 547 3603 φθορά
570 3515 650 3592 ἐστι,
673 3520 728 3581 καὶ
750 3512 945 3601 χωριστὸν
968 3514 1110 3593 ἅπλῶς.
1155 3519 1235 3583 Haec
1317 3596 1326 3616 ,

229 3632 299 3698 dum
323 3646 449 3698 retracto
475 3645 503 3698 et
525 3654 628 3697 rursus
645 3631 826 3722 Schwegleri
851 3636 1075 3699 commentarios
1098 3636 1233 3722 inspicio,

228 3751 309 3815 illum
329 3750 389 3835 jam
413 3753 443 3812 in
466 3749 585 3815 eandem
601 3753 774 3815 sententiam
790 3750 926 3815 incidisse
942 3751 1040 3830 video,
1064 3774 1124 3839 quo
1142 3754 1234 3839 magis

228 3866 396 3931 Bonitzium
426 3865 518 3930 miror
545 3866 694 3952 vulgatam
724 3867 877 3933 lectionem
906 3880 1045 3936 tuentem.
1071 3868 1234 3933 ''Fortasse
