2782 4612
575 329 836 448 QX,

152 530 271 598 nomine
293 527 504 597 clementorum
527 523 731 608 (στοιχείων)
755 528 927 612 complexus
952 541 1042 604 mser,
1073 503 1161 615 quar·

152 656 216 710 tum
242 658 353 708 novum
382 645 561 730 principium
586 643 751 710 addendum
777 666 839 708 esse
865 643 966 718 docet,
997 642 1078 730 quod
1101 665 1161 708 non
1262 615 1266 630 ¹

154 762 194 824 sit
216 767 417 837 στοιχεῖον
438 759 490 824 sed
513 754 615 842 α’ρχῆ
632 781 698 833 τις.
732 761 836 824 Nonne
850 760 908 832 ,hic
931 778 970 824 ear
992 758 1161 832 nominibus

66 897 77 906 ·
155 894 275 960 quoque
298 891 450 940 connexus
473 859 618 940 librorum
642 879 739 940 ΜΝ.
762 889 790 939 et
814 880 856 939 A.
880 874 1054 960 spectaturi
1087 873 1161 942 Nam

156 987 224 1053 dnm
246 975 298 1052 Ar.
324 989 395 1055 alias
418 992 535 1054 nomine
561 992 717 1070 ucocxeioo
731 993 879 1054 materiem
897 993 990 1075 ipsam
1008 989 1162 1075 designare

155 1102 244 1179 solet',
276 1103 333 1168 boc
360 1102 428 1177 loeo
449 1099 537 1168 'illud'
559 1126 664 1170 nomen
695 1107 732 1170 ad
762 1105 884 1171 sormam
915 1117 944 1168 et
966 1107 1185 1201 privationemx

154 1218 320 1294 transtulit,
345 1231 375 1284 et
392 1213 623 1284 *accuratissimis
647 1221 790 1288 limitibus
813 1245 829 1284 e
853 1193 956 1284 latiore
973 1223 1002 1284 vi
1026 1221 1163 1309 principii

156 1328 281 1417 (ἀρχῆς)
305 1331 452 1406 difacrwit.
484 1329 548 1400 'Sed
572 1335 609 1398 ad
626 1337 713 1400 telem
730 1336 956 1420 disjunctionem
972 1336 1024 1399 Ar.
1043 1347 1163 1431 coactus
1260 1379 1267 1388 -

156 1445 226 1524 luit,
250 1460 286 1534 ut
307 1471 388 1520 suam
414 1449 577 1515 docuinam
602 1474 618 1514 a
641 1451 793 1517 Platonica
817 1474 852 1514 eo
877 1450 1035 1515 dilucidius
1059 1449 1163 1514 distin-

156 1575 267 1649 gueret.
311 1564 413 1649 ›Atque
436 1564 553 1642 rideas,
581 1566 689 1630 ncilla
713 1565 869 1652 diremptio
888 1566 1022 1670 §crinalis
1047 1587 1161 1641 causae,

156 1677 214 1742 hoc
235 1699 313 1754 uuo,
340 1679 422 1764 quod
446 1683 550 1757 sciam,
574 1681 640 1746 ioco
666 1681 769 1757 obvia,
794 1685 823 1744 in
847 1681 968 1747 sormam
991 1677 1105 1760 (εἶδος)
1129 1699 1163 1744 ae

156 1795 351 1880 privationem
376 1790 561 1881 (στέρησιν),
591 1810 739 1883 tamquam
767 1797 840 1862 duas
863 1797 1024 1882 peculiares
1048 1815 1161 1871 causas,

158 1931 196 1974 ex
218 1910 357 1999 peculiari
381 1931 500 1996 quoque
526 1917 640 1976 ratione
664 1912 838 1999 explicanda
861 1914 909 1984 sit.
956 1912 1063 1975 Forma
1088 1912 1164 1974 enim

157 2036 187 2088 et
208 2026 336 2110 privatio
360 2026 541 2110 respondent
564 2031 720 2119 contrariis
743 2029 896 2114 principiis
917 2029 1050 2112 priorum
1066 2026 1164 2110 philo-

156 2139 319 2224 sophorum
336 2134 449 2220 (ruoth
464 2139 592 2206 29·-31
613 2155 641 2206 et
660 2140 757 2206 lutae
774 2141 816 2206 28
832 2139 923 2232 squ),
945 2143 991 2204 his
1016 2143 1163 2207 materiem

159 2265 188 2319 et
211 2273 328 2320 causam
351 2250 504 2333 movendi,
530 2259 577 2321 cui
599 2257 711 2322 bouum
735 2257 900 2332 inhaereat,
927 2255 1077 2320 addendas
1101 2278 1164 2320 esse

157 2371 221 2456 ipse
244 2368 340 2434 docet.
387 2369 445 2434 Sed
469 2393 514 2436 me
538 2373 600 2456 jam
624 2395 662 2438 ex
685 2372 844 2438 subtilibus
867 2373 913 2436 his
937 2371 1163 2458 quaestiouibus

156 2505 281 2561 revoco,
306 2507 343 2550 ne
365 2489 457 2572 magis
480 2489 634 2552 vaticinari
658 2509 745 2573 quam
769 2463 897 2572 probare
919 2487 1029 2550 videar.
1075 2487 1165 2550 Prae-

156 2612 204 2664 ter
225 2623 258 2664 ea
282 2602 388 2686 igitur,
419 2623 494 2687 quae
521 2602 558 2666 ad
582 2623 747 2668 connexum
772 2603 980 2667 sententiarum
1004 2604 1163 2688 pertinent,

157 2715 300 2782 lectorum
325 2719 437 2782 animos
466 2717 503 2782 ad
527 2719 676 2804 aequalem
706 2719 914 2804 disputationis
938 2717 1070 2783 ordinem
1094 2718 1164 2780 diri-

157 2851 227 2917 gere
250 2831 345 2896 velim.
394 2831 539 2898 Omnibus
569 2837 644 2898 enim
668 2833 728 2898 lere
751 2813 874 2920 reliquis
895 2833 1031 2919 partibus
1056 2831 1165 2896 doctri·

157 2967 213 3010 uae
236 2947 455 3036 Platonicorum
477 2949 795 3036 Pythagoreorumque
819 2951 972 3034 expositis,
999 2947 1054 3012 sub
1078 2948 1164 3012 finem

159 3060 275 3128 demum
307 3063 516 3148 disputationis
539 3065 557 3128 l.
575 3069 615 3128 N.
639 3065 719 3130 c.lV
743 3066 795 3128 Ar.
821 3067 982 3142 examinat,
1014 3062 1163 3150 quomodo
1202 3129 1212 3142 „

158 3175 207 3240 isti
230 3177 342 3242 bouum
366 3191 453 3264 atque
477 3179 584 3250 malum
607 3183 727 3244 summis
750 3181 917 3266 principiis,
947 3181 1054 3242 unitati
1078 3192 1165 3264 atque

158 3291 288 3358 infinitae
311 3293 462 3370 dualitati,
486 3297 626 3381 impertiti
649 3297 717 3360 siut.
753 3295 885 3360 Eundem
910 3294 1041 3358 ordinem
1057 3295 1110 3358 Ar.
1135 3297 1165 3356 in

157 3405 236 3472 libro
253 3411 295 3471 A.
316 3419 435 3474 secutus
458 3413 488 3474 iu
513 3424 644 3476 extremo
668 3413 764 3497 capite
788 3413 943 3497 exposuit,
969 3432 1043 3494 quae
1066 3427 1166 3472 neccs-

159 3522 259 3588 situdo
282 3525 378 3610 primo
402 3528 509 3589 moturi
532 3547 597 3590 cum
613 3528 759 3610 principio
776 3524 848 3588 boni
863 3524 1033 3589 intercedet.
1066 3523 1165 3609 Atque

160 3637 235 3702 adeo
252 3661 294 3716 ea,
311 3662 387 3727 quae
398 3640 451 3704 Ar.
465 3643 495 3704 iu
511 3641 588 3706 libro
601 3645 649 3707 M.
665 3639 701 3704 de
717 3640 922 3732 saadoctiina¹
937 3638 1068 3714 tradidit,
1086 3659 1165 3704 meae

140 3756 294 3840 ,opinioni
317 3755 499 3823 firmamento
523 3769 601 3822 sunt.
637 3755 710 3820 Nam
736 3777 802 3822 cum
816 3756 869 3818 Ar.
887 3757 917 3817 iu
933 3755 1009 3819 libro
1023 3758 1064 3816 A.
1083 3772 1166 3818 suam

159 3867 197 3934 de
226 3871 328 3954 primis
357 3883 387 3936 et
415 3873 543 3938 immotis
570 3871 743 3939 substantiis
773 3871 935 3938 doctrinam
960 3871 1165 3956 exponerem

956 3979 972 4034 7
