2784 4606
604 441 763 453 ..n—-

247 535 306 602 Sed
329 498 487 624 anieqtrern
511 535 579 601 hine
603 533 714 622 aliquid
737 533 773 598 de
796 532 1011 600 necessitudine
1032 535 1188 622 utriusque

178 653 357 718 recensionis
380 652 477 739 colligi
501 663 609 737 potest,
633 653 827 715 necessarium
851 662 904 727 est,
929 662 962 714 ut
985 649 1021 714 de
1043 651 1115 736 ipsis
1131 650 1188 716 illis

179 770 289 834 lacunis
312 767 379 832 cod.
404 767 445 832 Al
465 789 559 854 peuce
583 767 770 834 disseremus.
811 766 996 832 Laeuneruni
1019 767 1096 830 enim
1120 764 1186 830 cod.

179 885 220 948 Al
239 895 340 948 tentus
368 897 411 949 est
440 905 593 962 numerus,
618 896 652 948 ut
677 885 771 969 primo
796 881 938 970 adspectu
961 881 996 946 de
1019 885 1187 970 integritate

118 1070 121 1076 ,
178 1012 207 1064 et
229 1002 409 1086 praestantia
431 999 634 1082 illiuscodieis
650 1003 742 1086 pee'ne
759 999 904 1084 desperes.
942 997 994 1063 Sin
1012 1012 1109 1064 autern
1126 1021 1187 1064 rem

178 1114 346 1202 diligentins
371 1114 582 1201 disquisiveris‚
607 1116 763 1202 plerasque
785 1114 906 1179 lacunas
930 1135 968 1178 ex
983 1115 1186 1181 homoteleuto

177 1243 257 1294 ortes
281 1252 343 1295 esse
364 1234 510 1308 invenies,
536 1255 574 1296 cx
590 1231 698 1319 quibus
714 1231 870 1296 nonnullas
885 1231 933 1296 hie
949 1253 1099 1319 apponere
1115 1232 1186 1297 mihi

175 1347 274 1410 licent:
309 1343 407 1438 103212
429 1347 469 1411 27
494 1347 548 1432 τῆς
569 1343 690 1427 ὑγιείας
712 1348 732 1432 ἢ
754 1349 915 1410 denecales
938 1343 1018 1438 αὐτῇ
1040 1346 1186 1440 τοιοῦτον

176 1459 273 1524 ὅέστι
293 1464 389 1548 μέρος
410 1463 464 1548 τῆς
484 1459 621 1544 tiresiam
644 1462 722 1546 0²1⁸-
736 1454 859 1542 ὑγιείας
882 1483 939 1528 om.
957 1463 999 1526 Al
1022 1461 1122 1528 lOifil
1145 1461 1184 1528 17

175 1573 257 1640 κατὰ
286 1579 496 1667 οομβοβῃκός,
524 1573 561 1641 cd
589 1576 626 1640 di
649 1573 733 1657 καθ’,
754 1571 849 1642 αὑτό·
879 1573 960 1642 nacci
986 1573 1185 1663 συμβεβηκὸς

173 1695 246 1776 μίνς
268 1685 304 1756 cd
323 1691 362 1738 -’-
379 1695 439 1775 μέν
462 1715 519 1758 orn.
538 1693 592 1769 Al,-
618 1691 782 1758 1016121
804 1687 887 1756 cocci
910 1688 945 1758 cd
970 1687 1184 1784 ποόσονκοὶῇ

59 1805 66 1818 ’
173 1807 289 1885 ποσόνς
312 1810 367 1872 καὶ
388 1803 408 1899 ᾗ
431 1807 532 1874 ποσόν
556 1830 612 1874 om.
631 1807 686 1886 Δίς
714 1807 869 1874 10341221
891 1812 945 1872 καὶ
965 1804 1001 1873 cd
1017 1811 1113 1894 μέρος
1128 1807 1188 1874 ceti

174 1921 270 2002 λόγου
284 1918 364 2008 πρὸς
378 1919 414 1988 cd
430 1927 525 2010 μέρος
539 1924 596 1989 τοῦ
611 1924 811 2010 πράγματοςς
826 1929 884 1989 ceri
898 1965 931 1978 -
942 1928 1039 2012 μέρος
1055 1949 1112 1992 om.
1126 1926 1183 2003 At3

177 2037 274 2104 103712
296 2038 336 2103 12
359 2034 395 2105 cd
420 2040 500 2115 ζῶον
516 2039 645 2108 δίπουν·
670 2037 749 2104 ἔστω
769 2037 832 2126 γὰρ
855 2033 948 2116 οὗτος
963 2038 1063 2106 αὐτοῦ
1078 2035 1182 2122 le‘y'ec.

174 2149 230 2218 deci
252 2157 283 2217 ci
304 2149 343 2240 δὴ
367 2158 461 2221 τοῦτο
485 2157 520 2220 ἕν
542 2154 627 2219 ἔστιν
649 2149 726 2218 ἄλλ’
741 2152 780 2219 οὐ
803 2154 924 2232 πολλοί,
956 2154 1037 2231 ζῶον
1055 2162 1109 2221 καί
1133 2157 1198 2242 dis

172 2288 270 2347 ποονς
301 2267 380 2334 ἔστω
403 2305 443 2316 -
467 2271 584 2336 δίπουν
607 2293 664 2334 om.
682 2269 736 2335 Al.
783 2269 892 2336 Eadem
916 2293 954 2335 ex
978 2294 1065 2340 eausa
1089 2275 1184 2361 expli·

174 2385 283 2450 candae
314 2400 384 2452 sunt
411 2389 533 2454 lacunae
563 2393 592 2452 in
623 2389 668 2451 his
692 2389 778 2452 locist
809 2385 887 2454 994⁰
915 2386 971 2465 29,
1004 2387 1103 2456 1003ἃ
1128 2389 1181 2467 31,

175 2499 274 2566 1004b
295 2500 345 2578 15,
374 2500 472 2566 coco
502 2501 558 2580 ce,
586 2477 685 2568 102513
715 2500 773 2582 ce
806 2523 929 2590 quarum
953 2526 1106 2570 numerum
1130 2527 1182 2592 ap.
1251 2523 1256 2532 ·

171 2631 276 2706 peretu
301 2621 402 2682 critico
420 2619 605 2683 Belleriane
630 2614 801 2706 compeiato
825 2619 908 2684 facile
927 2624 1044 2686 auxeris
1054 2615 1085 2704 ¹).
1121 2623 1182 2688 Hes

172 2739 262 2822 igitur
284 2736 403 2799 lacunas
427 2737 559 2798 nonnisi
584 2757 621 2801 ex
642 2735 845 2800 homoteleuto
869 2747 949 2800 ortas
973 2759 1035 2801 esse
1059 2750 1088 2804 et
1112 2759 1181 2801 ene·

171 2852 265 2938 logie,
297 2849 372 2939 quae
400 2852 562 2916 interillos
586 2874 686 2917 omnes
710 2851 879 2930 intercedit,
909 2865 937 2918 et
960 2857 1179 2932 sententiarum,

173 3029 383 3038 -m-u-

228 3122 247 3191 ¹)
275 3122 332 3175 Hoc
354 3121 412 3177 leco
431 3125 566 3194 praeterire
590 3123 664 3190 nelo,
691 3141 730 3178 me
749 3142 780 3179 ex
799 3125 884 3180 indole
903 3128 1058 3181 recensionis
1078 3129 1104 3182 in
1123 3129 1179 3183 ced.

169 3219 205 3275 Al
220 3219 293 3274 nobie
307 3229 420 3274 servatae
434 3222 645 3276 necessitudinem
660 3223 783 3293 quendam
798 3223 875 3292 hujus
889 3226 1044 3280 recensionis
1058 3244 1114 3280 cum
1128 3227 1180 3293 ille,

170 3335 235 3390 quae
253 3309 369 3372 inlibris
388 3318 521 3372 rhetoricis
541 3320 596 3373 cod.
610 3321 643 3373 Ασ
662 3329 686 3374 ct
704 3323 729 3374 in
748 3321 839 3394 logicis
859 3323 914 3376 cod.
927 3323 958 3377 A.
972 3324 1047 3378 nobis
1065 3325 1179 3392 tradidit,

169 3417 301 3486 suspicari.
336 3416 398 3470 Nem
423 3434 475 3470 non
493 3417 575 3480 'medo
600 3417 704 3473 lacunae
726 3420 752 3471 in
776 3419 858 3472 tribus
882 3420 923 3476 tis
948 3421 1021 3474 codd.
1044 3425 1097 3492 peri
1122 3441 1179 3478 cum

168 3494 310 3583 ireepuentia
334 3522 482 3580 occurrunt,
506 3514 552 3568 eed
577 3517 650 3568 etiem
676 3515 797 3586 quaedem
823 3515 941 3571 dictionis
959 3520 1127 3590 proprietates
1147 3521 1178 3574 ad

169 3609 276 3689 eundem
294 3610 391 3664 fontem
410 3629 459 3664 nos
479 3610 588 3678 ducunt;
607 3615 687 3666 sicin
707 3615 883 3668 enunciatione
902 3614 1055 3684 disjunctiva
1067 3619 1178 3687 priorem

168 3708 315 3778 particulam
339 3708 355 3776 ἢ
378 3710 507 3775 omittere,
533 3719 608 3781 etque
631 3709 770 3782 pleniorem
794 3729 870 3765 nsum
894 3713 1094 3783 copulativarurn
1117 3733 1178 3770 cen·

164 3802 327 3874 junctionum
346 3826 370 3861 ιε
383 3835 415 3845 -
429 3807 474 3861 καί
491 3806 532 3861 vel
551 3811 597 3860 καί
609 3836 640 3846 -
657 3809 703 3861 καί
722 3825 777 3862 cum
797 3807 902 3865 exiliore
921 3810 1035 3866 nuditate
1055 3812 1177 3884 simplicis

169 3903 356 3972 conjunctionis
375 3909 452 3959 met·
470 3912 568 3964 mutare
587 3905 679 3961 solent.
