2782 4612
668 343 827 442 Qa—

243 523 424 610 inteiligitur,
449 543 501 586 eur
513 513 569 588 Ar.
591 519 675 586 alteri
698 523 776 606 parti
799 533 869 607 post
891 521 1014 606 prinam
1036 521 1255 591 institutionem

244 640 425 724 eompositao
440 638 529 724 eap.1
544 635 663 702 librili.
679 638 893 722 praeposuerit.
925 634 987 700 Sed
1003 639 1028 702 si
1043 643 1082 702 eir
1097 639 1252 714 sententia,

244 751 284 818 ob
300 753 437 820 omnibus
453 752 512 818 iere
528 763 658 838 asoepta,
679 751 772 818 iibros
784 754 997 818 A.BJ'.E.Z.
1005 755 1048 816 H.
1056 753 1096 816 Θ.
1111 754 1254 820 continua

244 872 272 932 in
296 870 371 934 serie
393 891 425 934 se
448 871 584 954 exoipere
606 870 773 943 statuimus,
801 869 929 954 perspici
951 887 1011 934 non
1036 881 1151 954 potest,
1180 867 1254 955 quid

244 983 302 1048 hoo
331 997 436 1070 eaput,
467 986 498 1047 in
526 982 621 1048 media
651 982 851 1068 disputatione
875 983 1073 1076 interjeetunr,
1105 984 1163 1048 hoe
1185 983 1251 1048 loeo

244 1098 302 1162 sibi
324 1099 404 1164 velit.
438 1096 514 1164 Cum
537 1100 567 1162 in
590 1095 675 1162 libris
689 1101 726 1160 Ζ.
734 1101 812 1160 Ε.Ζ.
821 1098 910 1160 ΗΘ.
933 1118 980 1164 res
1003 1100 1142 1164 inmotae
1164 1110 1254 1184 atque

244 1225 379 1276 aeternae
401 1215 432 1276 in
455 1215 580 1278 transitu
602 1223 717 1276 tautum
733 1215 926 1300 attingantur,
951 1225 1074 1300 totaque
1090 1212 1252 1298 disputatio

244 1329 345 1412 generi
371 1327 462 1412 hujus
490 1325 660 1412 disciplinae
691 1329 753 1392 siva
776 1326 823 1413 τῷ,
842 1322 913 1394 ὄντι
935 1321 955 1417 ᾖ
976 1329 1015 1392 ὃν
1037 1327 1175 1413 adjuncta
1199 1331 1252 1393 sit:

147 1475 150 1482 ·
245 1461 299 1504 erar
321 1442 393 1506 haee
422 1442 545 1506 molesta
574 1453 663 1528 atque
691 1444 861 1528 importuna
889 1443 1091 1530 interruptio?
1123 1463 1177 1508 eur
1199 1443 1253 1508 hae

246 1555 404 1644 ambages?
428 1578 481 1622 eur
496 1559 670 1630 nonstatirn
687 1556 806 1622 librili.
822 1579 847 1624 e.
863 1557 971 1624 11-1V
982 1562 1019 1622 Z.
1026 1562 1069 1622 H.
1076 1560 1115 1621 Θ.
1130 1557 1209 1626 libro
1222 1559 1253 1632 Γ,

245 1674 275 1736 iu
305 1691 364 1759 quo
394 1672 466 1736 illud
489 1694 583 1758 genus
606 1672 792 1758 exploratum
816 1671 886 1749 init,
918 1672 1161 1759 agglutinantur?
1200 1671 1253 1738 Sin
1302 1727 1304 1734 ,

245 1800 343 1854 antam
372 1800 506 1854 nostrum
530 1799 620 1874 eaput
642 1787 680 1852 ad
703 1787 859 1852 dissidium
881 1786 953 1853 iilud
978 1790 1054 1853 inter
1076 1790 1188 1874 primae
1209 1790 1254 1852 iu·

175 1951 177 1960 ,
246 1905 408 1967 stitutionis
436 1903 529 1966 libros
558 1907 607 1966 M.
625 1907 665 1966 Ν.
681 1905 724 1964 Λ.
752 1915 781 1966 et
808 1902 884 1966 hano
915 1905 1112 1988 posteriorem
1140 1915 1253 1989 partam

245 2019 411 2082 Ζ.Η.Θ.Ι.
430 2016 633 2094 retulerimus,
661 2019 758 2082 omnia
781 2017 869 2102 plana
893 2029 922 2081 et
944 2030 1046 2102 aperta
1068 2031 1148 2082 sunt.
1194 2015 1254 2084 Sed
1301 2096 1305 2110 ἴ

246 2131 349 2197 eodem
372 2131 461 2198 modo
486 2133 533 2198 hie
556 2153 654 2197 novus
674 2143 819 2199 traetatus
835 2153 901 2196 oum
918 2135 1056 2199 extremis
1072 2133 1165 2209 libris,
1190 2134 1255 2218 qui·
1368 2193 1369 2220 ,

246 2247 303 2313 bns
326 2260 360 2312 ut
381 2259 624 2335 praeponeretur,
648 2246 812 2312 destinatus
836 2259 914 2323 erat,
940 2247 1164 2333 conjungendus
1189 2245 1252 2314 tots.

245 2362 346 2447 Atque
369 2362 427 2426 hoe
441 2363 591 2438 vinculum
615 2365 690 2426 inest
712 2364 742 2424 in
758 2363 843 2426 initio
859 2361 927 2426 libri
940 2367 988 2428 M.
1008 2358 1105 2426 1076ὃ
1119 2360 1152 2426 8.
1173 2363 1256 2444 Περὶ

245 2479 305 2559 μὲν
328 2471 387 2542 οὖν
408 2476 462 2562 τῆς
484 2477 548 2558 τῶν
570 2474 736 2561 αϊσθρτῶν
757 2472 868 2550 οὐσίας
890 2479 1012 2562 εἴρηται
1033 2479 1080 2548 τίς
1102 2474 1199 2553 ἐστιν,
1220 2475 1256 2544 ἓν
1367 2561 1368 2568 ¹

246 2594 305 2674 pir
326 2596 363 2681 τῇ
385 2593 520 2678 μεθόδῳ
542 2592 579 2682 τῇ
600 2591 664 2656 τῶν
679 2591 822 2675 φυσικῶν
841 2595 914 2676 περὶ
935 2591 990 2676 τῆς
1011 2589 1109 2675 eison.
1122 2590 1256 2677 ὕστερον

248 2705 284 2770 δὲ
306 2710 379 2790 περὶ
400 2706 454 2792 τῆς
476 2703 548 2772 κατ’
564 2705 736 2790 ἐνέργειαν.
780 2706 921 2772 Extrema
950 2710 1027 2772 enirn
1051 2708 1141 2772 verba
1164 2706 1256 2772 ὓπε-

246 2843 359 2905 ραν
323 2820 540 2908 ἐνέργειαν
562 2845 621 2888 non
650 2825 706 2888 nisi
736 2822 774 2886 ad
802 2821 857 2886 hos
887 2821 980 2888 libros
1011 2835 1100 2910 atque
1122 2825 1255 2910 inprimis

247 2934 285 3044 ad
307 2935 399 3000 libros
414 2941 450 3000 Z.
459 2941 501 3000 Η.
515 2935 619 3002 reierri
642 2937 760 3002 debent.
796 2936 952 3002 Bonitzius
975 2937 1093 3023 quidem
1117 2959 1152 3002 eo
1173 2937 1258 3021 ineii·
1366 2939 1367 2946 ’

247 3031 311 3127 nat,
342 3064 377 3118 ut
398 3051 471 3118 haee
491 3053 586 3118 verba
610 3074 674 3118 eum
699 3051 785 3116 Alex.
812 3051 849 3116 ad
872 3064 983 3138 partem
1009 3051 1156 3141 quandam
1179 3052 1253 3138 phy
1282 3085 1286 3096 ,
1366 3043 1367 3087 3

246 3169 324 3231 siene
353 3168 575 3234 auscultationis
603 3167 721 3234 reserat.
762 3168 808 3234 Aa
835 3169 859 3232 si
883 3169 1116 3252 respexerimus,
1146 3166 1255 3254 quibus

246 3281 319 3346 loeis
342 3283 504 3369 particulae
526 3283 583 3348 sibi
597 3281 810 3368 respondentes
825 3285 886 3366 μὲν
899 3315 943 3330 --
960 3282 996 3348 δὲ
1011 3280 1172 3348 ooiioeatae
1187 3285 1254 3358 sint,

247 3410 370 3484 apparet
403 3399 597 3484 posteriorem
625 3411 737 3484 partem
766 3420 826 3463 non
853 3403 930 3484 porti
961 3399 1170 3486 physicorum,
1203 3395 1256 3462 sed

247 3516 367 3590 omnino¹
395 3513 529 3600 physicis
556 3513 639 3578 iibris
667 3515 836 3600 oppositam
865 3537 936 3580 esse.
988 3513 1130 3580 Conferre
1158 3525 1255 3580 eutem

243 3628 364 3712 juvabit
398 3631 440 3692 Η.
474 3652 498 3693 e.
522 3629 546 3692 tl
582 3625 685 3695 totth
709 3626 750 3691 10
785 3628 853 3692 ἐπεὶ
887 3626 916 3692 δ’
947 3625 966 3712 ἢ
999 3630 1059 3710 μὲν
1093 3621 1137 3702 ὥς
1173 3619 1255 3710 ὕπο,-

247 3745 373 3827 uespere]
408 3748 462 3808 ani
497 3737 541 3817 ὦς
575 3740 635 3828 ὕλη
669 3738 763 3805 οὐσία
790 3741 1006 3826 sipost-oysteno,
1042 3739 1159 3808 λοιπὸν
1187 3739 1255 3829 τήν

248 3853 291 3931 ὡς
321 3845 529 3944 ἐνέργὲναν
564 3853 706 3923 οὐσίαν
739 3862 817 3924 τῶν
850 3857 1053 3941 αἰσθητῶν
1080 3858 1183 3924 εἰπεῖν
1211 3858 1255 3931 ric
