2784 4606
177 519 258 576 snm,
287 502 356 588 quia
378 498 552 564 Brundisius
580 501 609 562 iu
632 511 718 565 maru
741 498 948 566 constituendo
972 497 1038 566 cert.
1062 497 1105 564 Al
1133 497 1188 562 dn·

178 637 239 680 ecnr
262 614 320 680 eibi
343 615 445 702 elegit,
470 615 624 680 Bonitzius
646 627 743 680 antem
769 617 974 683 auctoritatem
998 616 1061 700 ejus
1084 613 1189 680 inirin-

177 751 246 817 gare
262 729 348 796 valde
370 729 494 796 studuit.
530 729 660 794 Alteram
680 752 751 794 vero
775 732 977 816 quaestionem
1002 743 1032 794 ct
1053 730 1134 796 hisce
1157 732 1187 794 in

177 845 345 910 Aristotelis
374 844 457 910 libris
486 857 515 908 et
543 848 572 907 in
602 846 722 930 reliquis
752 844 811 910 lere
841 845 978 912 omnibus
988 838 1008 927 ¹)
1036 867 1070 910 eo
1095 847 1187 931 magis

176 959 338 1045 ungendam
370 981 433 1026 esse
456 979 578 1036 censeo,
610 961 680 1046 qnia
703 959 772 1024 hine
794 962 978 1043 potissimum
1003 963 1111 1024 certior
1135 961 1188 1027 lux

177 1071 214 1138 de
242 1087 336 1140 aetate
367 1085 396 1174 ct
422 1074 555 1162 pondere
583 1077 785 1140 mensionum
818 1087 988 1140 nostrornm
1011 1073 1097 1140 codd.
1123 1074 1187 1140 elici

176 1201 285 1274 potest.

235 1305 335 1390 Atque
347 1305 372 1370 si
384 1307 449 1390 quis
462 1307 492 1368 in
504 1306 673 1370 universnm
688 1305 912 1391 discrepantiam
928 1306 1086 1372 lectionum
1099 1305 1186 1370 codd.
1286 1309 1289 1314 ’

177 1421 342 1484 accuratius
367 1421 539 1503 inspexerit,
563 1419 647 1488 laeilc
669 1419 844 1496 adducetur,
871 1433 905 1486 ut
927 1422 1052 1505 primum
1077 1419 1187 1487 iontem

176 1532 253 1596 illius
277 1531 456 1598 differentiae
479 1555 538 1598 non
555 1537 585 1598 in
601 1535 823 1618 interpolatoris
840 1535 993 1619 cujusdam
1011 1557 1109 1610 manu,
1134 1535 1187 1598 sed

176 1649 207 1710 in
230 1645 354 1714 diversis
376 1648 599 1712 accensionibus
623 1648 822 1734 quaerendum
847 1669 909 1714 esse
933 1662 1058 1714 censeat.
1107 1648 1187 1730 Qua·

63 1785 65 1790 ·
176 1781 241 1826 rum
264 1764 467 1828 recensionem
491 1763 582 1828 altera
605 1764 635 1826 in
659 1763 726 1826 cod.
742 1763 784 1828 Al
802 1763 888 1828 nobis
910 1777 1070 1839 reservata,
1095 1763 1187 1831 altera
1295 1827 1297 1830 .

176 1895 229 1960 per
250 1876 311 1940 rell.
329 1875 415 1942 codd.
432 1879 517 1940 mista
541 1877 673 1962 dispersa
696 1891 749 1942 est.
788 1878 836 1942 lix
858 1878 1085 1963 interpolatione
1110 1879 1186 1940 enirn

177 1989 296 2056 alteram
319 2003 432 2075 partem
456 1990 542 2056 codd.
566 1991 661 2056 labem
685 2013 745 2056 non
769 1975 909 2068 traxisse,
935 2013 988 2056 cur
1010 2005 1184 2070 statuamus,

176 2115 206 2170 et
227 2106 378 2170 innumera
403 2105 589 2170 multitudine
612 2109 761 2172 variarum
784 2107 942 2172 lectionum
967 2128 1128 2184 monemur,
1158 2121 1187 2174 et
1256 2169 1259 2174 .

176 2218 221 2284 lris
251 2221 383 2305 inprimis
412 2220 579 2284 rationibus
608 2219 824 2284 confirmamur.
870 2219 905 2284 Si
935 2221 1005 2306 quid
1036 2223 1064 2284 in
1097 2221 1185 2289 codd.

175 2332 212 2396 ab
241 2335 452 2420 interpolatore
482 2347 626 2400 mutatum
655 2347 714 2411 est,
745 2335 856 2420 uhiqnc
886 2336 1041 2400 consilium
1065 2337 1186 2423 aliquod

175 2447 324 2514 subfuisse
345 2448 525 2514 videbimus:
549 2452 612 2514 sive
635 2463 669 2514 ut
692 2449 852 2515 obscurum
876 2463 1044 2536 tectumque
1067 2473 1184 2517 sensnm

175 2563 222 2628 vel
242 2561 344 2626 addita
368 2563 565 2647 explicatione
586 2564 633 2628 vel
650 2564 748 2630 verbis
771 2565 913 2630 obsoletis
937 2587 1004 2629 curn
1027 2567 1184 2632 solemnio·

174 2676 257 2742 ribus
288 2680 406 2742 mutatis
427 2679 474 2742 vel
496 2691 645 2744 structura
669 2680 807 2764 expedita
831 2681 876 2744 vel
902 2681 1101 2766 qualicunque
1125 2703 1185 2746 me·

175 2790 272 2858 alieina
295 2790 454 2859 faciliorem
478 2793 689 2880 clarioremque
713 2793 858 2870 redderet,
882 2796 944 2858 sive
968 2807 1003 2860 ut
1024 2798 1184 2860 sententias

146 2903 304 2974 'amcam
332 2907 407 2974 male
435 2921 587 2994 perceptas
615 2911 645 2974 in
672 2911 767 2994 ipsius
791 2912 1061 2995 interpretationem
1085 2910 1184 2978 detor·

175 3033 286 3106 queret,
310 3024 373 3086 sive
397 3034 440 3098 ut,
465 3021 546 3108 quod
570 3026 729 3109 pessimum
753 3025 989 3110 interpolationis
1012 3045 1106 3111 genus
1128 3038 1182 3100 est,
1301 3049 1304 3053 ·

173 3135 265 3202 verba
289 3139 418 3202 auctoris
442 3160 508 3202 curn
532 3140 625 3222 ipsius
649 3141 788 3223 opinione
812 3141 1007 3226 repugnantia
1031 3140 1104 3204 mala
1125 3140 1184 3204 fide

174 3264 384 3336 corrumperet.
422 3253 464 3317 At
487 3253 581 3337 major
604 3274 673 3338 pars
696 3255 842 3318 variarum
866 3255 1024 3318 lectionum
1047 3255 1183 3321 inlibris

174 3365 382 3452 metaphysicis
415 3370 455 3432 ita
483 3380 652 3452 comparata
684 3380 741 3445 est,
778 3381 812 3434 ut
840 3370 931 3435 ullum
962 3369 1183 3454 interpolatoris

102 3507 108 3514 ·
174 3480 327 3547 consilinm
365 3503 401 3545 nc
437 3481 561 3548 divinari
598 3482 716 3569 quidem
750 3486 855 3570 possit.
908 3482 969 3550 Sed
998 3483 1183 3570 singulorum

232 3741 250 3808 ¹)
274 3741 310 3794 lie
327 3741 401 3796 libris
418 3742 496 3813 ιπερὶ
507 3741 640 3818 οὐρανοῦ·
652 3743 711 3797 vide
722 3742 968 3814 praestantissimum
981 3739 1183 3799 usathiten.

169 3835 295 3905 judicium
315 3840 339 3891 in
359 3838 425 3894 libro
444 3839 506 3894 -das
524 3839 668 3897 ltosmiscbe
687 3841 790 3912 Systeur
811 3843 855 3898 dea
875 3841 975 3898 rtem·
992 3860 1017 3914 p.
1030 3838 1154 3896 79-81.

972 3939 1013 3992 par
