2782 4612
650 437 810 452 Μ
827 446 830 452 ι

153 487 156 495 ¹
229 525 328 616 edem
349 523 422 594 τινὰ
445 526 533 611 μίαν.
578 527 609 592 ln
633 527 701 594 libri
724 534 761 592 Ε.
784 549 848 614 esp.
864 526 892 604 l,
923 523 1004 614 quod
1027 524 1064 592 td
1088 529 1238 614 quaestio·

228 667 309 722 nem,
340 643 490 732 quomodo
519 643 586 708 libri
615 642 807 729 metaphysiei
831 642 1008 710 adhaereant
1029 641 1078 706 vel
1099 645 1264 720 maxime,-

88 755 91 766 '
137 767 142 774 ’
188 775 191 784 ¹
228 758 408 859 mejudicm
436 758 637 824 attentendum
661 771 721 833 est,
744 760 845 844 priore
867 771 951 844 perta
973 758 1026 824 Aa.
1050 759 1108 824 tria
1130 746 1239 846 genera

229 875 457 940 theoreticam
472 871 692 958 disciplinarum
708 873 957 950 mathematicam
972 874 1136 961 phytiam,
1153 874 1238 938 theo·

179 971 187 986 ⁴
227 989 336 1076 logiam
367 991 534 1054 acutissime
564 987 755 1065 distinxerat,
787 1002 816 1054 et
843 989 1011 1075 theologiae
1039 991 1109 1054 aive¹
1129 984 1238 1075 primae

217 1087 438 1191 *philosophiae
466 1103 709 1189 disceptationem
736 1104 772 1169 de
796 1107 898 1189 primia
921 1107 1050 1170 immotis
1073 1115 1161 1190 atque
1183 1125 1239 1189 per

229 1242 261 1284 ee
285 1219 480 1294 existentibus
503 1219 677 1284 substantiis
697 1219 908 1285 vindicaverat.
943 1218 1090 1314 Nune'ax
1111 1220 1237 1296 ratione,

230 1355 305 1421 quae
333 1336 411 1398 inter
440 1333 650 1398 arithmetieam
674 1347 704 1400 et
725 1333 879 1400 inlerior'es
903 1335 1123 1402 mathematicae
1142 1335 1239 1400 seien-

228 1452 287 1514 tiae
316 1461 416 1533 partes
446 1450 623 1526 intercedat,
653 1452 776 1535 primam
805 1449 1026 1536 philosophiam
1056 1450 1177 1514 eandem
1201 1448 1239 1516 de
1323 1467 1325 1472 ’

230 1577 311 1658 ente,
337 1584 396 1651 qua
419 1587 479 1640 ens,
505 1563 545 1630 ob
568 1564 600 1630 id
621 1567 736 1652 ipsum,
761 1567 831 1652 quia
846 1567 940 1652 prima
955 1566 995 1628 sit
1009 1561 1078 1646 (eol
1089 1562 1240 1630 καθόλου

230 1678 331 1754 adama
353 1676 403 1743 dae
425 1679 533 1764 πρώτη
557 1704 584 1746 ν.
603 1677 675 1762 30),
700 1701 786 1767 agene
809 1680 862 1746 Ar.
879 1693 1118 1767 argumentatur.
1159 1680 1239 1744 Haeo

230 1798 375 1862 sententia
398 1798 423 1860 si
446 1795 574 1880 probata
597 1798 666 1871 erit,
694 1797 864 1880 praeposita
887 1794 979 1860 verba
1002 1771 1147 1882 particula
1169 1817 1240 1860 esu·

229 1911 284 1974 sali
312 1905 375 1994 γὰρ
404 1933 520 1976 annexa
547 1931 586 1974 ex
608 1931 644 1974 eo
668 1909 750 1985 loeo,
782 1931 869 1996 quem
893 1932 972 1976 nune
994 1923 1129 1988 teneant,
1157 1931 1240 1976 amo·

184 2008 194 2022 Ι
230 2023 326 2090 vende
350 2045 413 2090 esse
436 2024 600 2110 apparebit.
636 2024 708 2090 Nam
733 2045 770 2090 ne
793 2026 852 2090 ulla
874 2026 993 2112 quidem
1008 2029 1157 2103 resideat,
1181 2047 1240 2112 qua

229 2139 408 2227 praecedens
437 2142 581 2205 sententia
611 2139 808 2206 ennlirmetur.
855 2140 956 2228 ltaque
985 2143 1038 2206 rix
1066 2141 1124 2206 ulla
1152 2139 1240 2204 dubi·

190 2320 197 2334 ,
229 2258 304 2322 tatio
334 2255 461 2346 relinqui
483 2267 597 2342 potest,
629 2257 700 2341 quin
724 2255 797 2320 haee
819 2255 909 2320 verba
934 2269 1036 2340 postea
1060 2256 1177 2320 demum
1200 2253 1239 2324 alt

230 2371 284 2435 Ar.
309 2371 348 2434 ad
377 2379 508 2437 extrema
537 2371 641 2454 eapitis
665 2369 757 2434 verba
789 2372 862 2432 ικαὶ
890 2365 1041 2436 καθόλου
1068 2368 1169 2445 οὕτως
1191 2365 1241 2434 dae

230 2485 359 2569 modags
390 2486 420 2548 in
444 2486 575 2572 margine
599 2483 713 2568 adjeota
736 2507 801 2550 esse
824 2507 1003 2552 censeamus.
1038 2486 1069 2552 ld
1094 2489 1171 2552 enim
1185 2486 1238 2554 Ar.

121 2593 123 2598 ’
230 2601 277 2664 his
299 2597 400 2670 verbis
430 2598 560 2664 indicare
582 2598 712 2664 voluisse
736 2599 867 2666 videtur:
898 2600 961 2668 dixi
989 2603 1113 2691 primam
1142 2601 1240 2686 philo-

231 2714 381 2800 sophiam,
404 2727 440 2778 ut
462 2715 606 2800 primam,
627 2714 821 2780 universalem
840 2738 919 2780 ease:
943 2714 1027 2783 laoile
1042 2718 1118 2782 enim
1131 2716 1239 2802 aliquia

232 2829 371 2894 dubitare
393 2842 508 2915 potest,
533 2851 602 2893 num
625 2832 666 2894 sit
687 2832 782 2916 prima
797 2833 987 2918 philosophia
1003 2831 1237 2898 universalis...

230 2945 332 3031 Atque
359 2944 384 3008 si
414 2945 481 3031 quis
502 2966 556 3010 me
585 2965 728 3012 nauseare
757 2949 923 3015 etiamnunc
953 2959 1065 3023 censet,
1100 2950 1126 3011 ia
1153 2945 1241 3012 adeat

229 3061 284 3128 lib.
301 3064 338 3125 lt
360 3082 423 3166 eap.
441 3059 493 3124 Vll
516 3072 678 3127 extremam
700 3073 812 3146 partem
838 3060 937 3128 touta
952 3060 1072 3128 3-tt,
1093 3061 1146 3128 Ar.
1164 3063 1238 3126 enirn

230 3175 337 3252 verba,
369 3175 537 3262 dequibus
562 3179 730 3262 quaeritur,
758 3179 789 3240 in
814 3179 946 3264 margine
965 3177 1036 3248 libri
1055 3181 1092 3240 Ε.
1116 3175 1238 3260 adjecta,

107 3299 111 3314 “
231 3293 261 3354 in
285 3276 362 3356 libro
385 3295 422 3354 K.
445 3289 581 3354 breviore
604 3291 724 3377 quidem
747 3291 799 3356 sed
822 3293 915 3358 multo
939 3293 1084 3360 limatiore
1105 3293 1136 3356 in
1160 3290 1240 3356 ordi·

185 3449 189 3460 «
230 3426 297 3474 nem
321 3387 532 3491 disputationis
554 3405 681 3492 redegit:
704 3406 771 3472 Hoe
789 3427 855 3470 eum
871 3409 924 3474 Aa.
939 3406 1037 3484 ¹faeere
1052 3407 1150 3484 vellet,
1173 3425 1238 3473 eum

231 3521 331 3586 verbis
354 3516 545 3605 ἀπορήσειεν
567 3521 609 3586 ἂν
636 3543 715 3586 nova
739 3522 949 3608 disputationis
977 3545 1047 3609 pars
1073 3519 1240 3607 incipienda

231 3633 297 3700 luit.
337 3635 471 3722 Explosa
494 3613 585 3722 igitur
607 3627 754 3723 partieula
777 3638 888 3705 eauaali
909 3633 973 3724 reip
997 3637 1154 3704 substituit
1173 3657 1240 3723 par·

155 3807 164 3824 s
230 3751 350 3816 titulum
374 3749 420 3816 δέ’.

302 3864 471 3934 1035221.
497 3865 608 3962 διόπερ
632 3859 706 3934 ete’
722 3864 758 3934 da
780 3876 847 3943 eote
869 3866 986 3948 λόγοις.
1022 3871 1087 3932 τῶν
1107 3867 1168 3950 μὲν
1181 3856 1242 3930 οὖν
1345 3872 1350 3878 “

668 3994 680 4028 h
