2782 4612
296 518 395 586 1085t
409 517 461 587 26.
491 519 557 585 leet
584 544 618 585 aa
643 523 752 606 ἕτερον
774 513 853 584 αὐτὸ
877 516 1006 604 nlqltoc
1029 519 1083 584 acal
1104 517 1235 605 πλῆθος

227 631 372 722 ἄκαιρον.
409 637 580 704 Alexander
607 641 639 702 in
667 659 723 702 sno
750 648 837 702 textu
864 634 970 700 babuit
993 629 1028 698 et
1048 634 1179 721 calciatos
1201 657 1236 702 ac

88 805 94 822 l
227 775 342 829 vereor,
366 775 404 818 ne
420 748 499 818 atet
521 775 559 818 en
582 753 808 840 interpolatione
830 750 961 816 fluxerit.
997 750 1052 816 llic
1075 753 1150 816 enim
1174 773 1234 816 non

226 881 286 934 tan
309 867 374 932 idea
399 869 706 956 multitudinis-quam
730 867 902 932 elementum
917 863 1126 947 (στοιχεῖον),
1157 866 1235 930 unde

227 983 334 1069 singuli
363 986 475 1046 numeri
504 982 591 1050 efficti
615 986 688 1060 sint,
717 981 841 1046 indicari
863 981 991 1046 videtur.
1022 978 1234 1046 et1089t10

226 1096 294 1172 πῶς
316 1096 353 1160 δὲ
375 1093 483 1160 πολλὰ
506 1096 602 1163 ἄνισα
625 1092 715 1182 παρὰ
738 1093 774 1159 τὸ
796 1091 919 1161 ἄνισον.

296 1210 394 1276 1085t
415 1210 466 1276 30.
504 1208 542 1275 oti
563 1208 626 1295 γὰρ
655 1208 694 1294 δή
718 1209 752 1272 ἐκ
779 1233 816 1289 ye
839 1208 1052 1294 διαστήματός
1073 1229 1159 1283 τινος
1180 1213 1235 1274 καὶ

227 1321 324 1408 αὐτῆς
346 1325 482 1410 στιγμῆς.
511 1327 581 1390 Hoc
605 1347 724 1413 quoque
747 1325 813 1390 loco
834 1328 1009 1411 interpretes
1027 1325 1065 1390 ad
1081 1326 1233 1390 lectionem

227 1439 314 1504 Alex.
338 1462 444 1525 parom
471 1443 576 1506 attenti
604 1439 733 1506 luerunt.
777 1440 856 1504 lllius
884 1443 960 1504 enim
990 1442 1020 1503 io
1050 1451 1136 1504 textu
1164 1451 1235 1526 post
1270 1436 1273 1441 ’

228 1548 442 1637 διαστήματος
463 1555 596 1621 additum
619 1555 710 1620 luisse
733 1555 852 1620 videtur
873 1553 943 1638 ἤτοι
966 1551 1118 1638 πλήθους
1139 1529 1234 1629 cerac,

227 1688 302 1754 quae
332 1669 422 1734 verba
457 1673 487 1734 in
521 1669 608 1735 codd.
632 1669 769 1734 omnibus
799 1667 982 1734 exciderunt.
1025 1667 1087 1732 Nec
1117 1668 1233 1744 dubito,

228 1784 299 1868 quin
327 1784 444 1868 plenior
466 1784 552 1849 Alex.
570 1784 657 1850 lectio
681 1787 817 1871 genuina·
831 1785 879 1847 sit.
918 1782 1033 1846 Etenim
1057 1781 1235 1868 diacalam-

226 1895 280 1968 τός
301 1901 387 1971 τινος
409 1911 510 1984 aptum
534 1899 631 1963 locum
654 1898 785 1974 haberet,
810 1899 834 1961 si
853 1895 997 1962 Platonici
1020 1897 1102 1962 nude
1125 1898 1235 1962 ‹tmen-

227 2012 311 2074 sione
340 2013 426 2076 missa
455 2012 493 2076 ed
521 2035 615 2099 genus
639 1991 859 2100 quoddamvel
882 2025 994 2098 partem
1019 2013 1166 2099 quandam
1191 1999 1235 2090 di-¹

227 2128 386 2190 mensionis
416 2127 633 2214 confugissent,
665 2129 750 2214 cujus
779 2129 820 2192 rei
849 2129 1006 2214 vestigium
1037 2128 1149 2192 nullum
1176 2128 1235 2192 hoc

227 2242 293 2306 loco
323 2253 429 2306 exsut.
469 2240 620 2329 Optimum
644 2257 742 2308 antem
765 2263 882 2308 sensum
905 2241 1029 2328 praebet
1049 2242 1136 2306 Alex.
1153 2240 1236 2326 πλή-

226 2359 312 2454 θους
333 2355 419 2430 τινός
440 2359 458 2421 i.
476 2379 502 2422 e.
519 2380 558 2422 ex
580 2359 767 2424 multitudine
791 2379 834 2434 ea,
858 2365 934 2443 quae
958 2349 1085 2444 aliquam
1108 2355 1236 2422 affinita-

226 2483 285 2536 tem
320 2493 386 2534 oum
420 2471 620 2552 multitudine.
657 2494 732 2558 qnae
765 2493 954 2536 numerorum
984 2471 1158 2535 elementum
1186 2473 1234 2547 sit,

226 2585 335 2650 habeat
357 2585 394 2650 cl.
410 2583 509 2652 1085a
524 2586 566 2651 33
582 2591 636 2652 καὶ
651 2583 750 2670 ἄλλης
763 2583 842 2672 ’ὕλης
857 2591 929 2660 οἵας
942 2580 978 2649 τὸ
994 2582 1134 2669 πλῆθος,
1158 2581 1234 2648 ἀλλ’

227 2696 266 2764 oei
280 2696 441 2784 πλήθους.
471 2700 586 2784 Quodsi
601 2703 649 2766 illa
663 2700 752 2766 verba
768 2701 806 2766 ab
822 2701 908 2766 Alex.
922 2700 1129 2786 explicationis
1146 2721 1235 2766 eausa

207 2813 327 2879 'addita
357 2837 419 2880 esse
448 2816 584 2894 duxeris,
620 2837 782 2902 pronomen
816 2809 902 2888 τινὰς
932 2827 1010 2882 certe
1039 2789 1235 2882 exterminan-

182 2935 186 2944 '
227 2928 297 2994 dum
320 2941 374 2994 est.
466 2993 468 2999 .

296 3040 394 3108 1086*
407 3043 438 3108 5.
461 3040 493 3109 oi
516 3043 553 3108 δὲ
567 3039 609 3108 ecl
625 3044 694 3128 εἴδη
709 3037 902 3126 βὸυλόμενοι
918 3041 988 3126 ἅμα
1003 3047 1058 3108 καὶ
1072 3038 1235 3128 epelpine

202 3153 205 3161 ’
226 3168 340 3233 ποιεῖν,
364 3150 425 3238 οὔχ
448 3155 583 3243 ὁρῶντες
606 3158 651 3234 δέ,
674 3159 704 3222 al
723 3153 782 3233 τὰς
804 3154 906 3239 ἀρχάς
927 3181 973 3234 τις
995 3159 1116 3234 ταύτας
1134 3159 1235 3242 θήσε-

225 3295 294 3348 ται,
323 3272 391 3346 πῶς
418 3270 507 3336 ἔσται
537 3265 555 3334 ὅ
585 3268 812 3357 μαθηματικὰς
835 3268 977 3357 ἀριθμὸς
993 3273 1089 3365 ἱπαρὰ
1110 3268 1168 3338 cciv
1190 3272 1235 3336 el-

226 3387 375 3471 eemon..
404 3386 530 3474 Connigo
564 3377 694 3464 ’ταῦτάςς
728 3389 776 3454 ille
804 3391 879 3451 enim
902 3386 1123 3452 Platonicorum
1155 3399 1236 3454 secta

225 3524 379 3566 nnmerum
402 3501 524 3567 idealem
549 3515 578 3568 et
601 3504 835 3568 mathematicum
860 3505 890 3568 in
913 3525 1004 3568 unum
1029 3503 1172 3568 conilasse
1191 3504 1235 3568 vi·

226 3617 327 3694 detur,
359 3620 429 3706 quie
451 3641 512 3682 non
534 3617 689 3696 viderunt,
720 3615 870 3706 quomodo
895 3641 933 3682 ex
956 3617 1057 3682 iisdem
1082 3619 1234 3704 principiis

225 3734 339 3798 numeri
369 3733 501 3798 diversae
529 3746 653 3798 naturae
684 3733 810 3798 derivari
839 3745 975 3819 possent:
1006 3733 1235 3798 Commendatur
1354 3726 1358 3734 ’

226 3860 323 3914 autem
344 3871 406 3916 mea
431 3848 595 3933 emendatio
618 3849 725 3914 collato
747 3871 809 3935 cap.
823 3848 883 3914 Vll.
912 3846 1009 3916 1081a
1024 3847 1066 3913 12
1088 3848 1118 3912 el
1133 3847 1169 3912 δὲ
1190 3841 1235 3932 μή
