2784 4606
658 439 817 452 ——n

235 531 343 619 quibus
367 551 479 596 summa
502 532 543 595 rei
560 535 713 616 expositae
728 532 999 619 comprehenditur,
1023 554 1052 598 v.
1071 529 1112 597 33
1136 525 1245 597 saleni

233 646 278 732 τῷ
299 641 462 726 ἀνάλογον
577 651 632 710 καὶ
659 647 709 712 ὅτι
730 644 832 731 (Bon.)
858 641 901 712 nol
928 647 992 712 τῶν
1014 642 1131 712 οὐσιῶν
1153 650 1245 714 ninus

235 757 278 836 ὥς
299 763 389 826 αἴτια
411 759 551 827 πάντων.

303 874 403 942 totth
418 875 449 940 2.
473 873 539 940 iore
560 876 622 963 reip
644 898 706 942 neve
727 873 763 941 τὸ
786 871 826 941 οὗ
846 880 949 953 ἕνεκα,
974 869 1021 942 oie
1037 872 1075 940 erl
1096 879 1156 960 pir
1176 873 1244 942 iou

234 987 270 1056 esi
300 984 335 1054 δ’
357 983 416 1056 οὐκ
444 988 519 1056 ἔστι.
571 992 646 1058 Cum
674 992 796 1079 vulgate
829 994 914 1060 leetio
947 994 1016 1059 ferri
1046 1016 1108 1058 noo
1136 998 1242 1080 possit,

234 1105 444 1193 Sobweglorus
474 1111 574 1174 »eset«
594 1110 732 1182 ,mutavit
753 1111 783 1172 in
808 1107 927 1174 διττόνε
952 1122 1039 1174 aeota
1060 1131 1132 1174 enne
1153 1119 1243 1196 atque

234 1225 320 1286 etiem
344 1243 361 1286 a
384 1222 522 1288 Ronitnio
544 1220 673 1306 probata
696 1222 870 1288 emendatio.
904 1224 1101 1288 Nihilominus
1125 1223 1242 1300 dubito,

234 1357 304 1402 num
333 1347 413 1400 reeta
440 1339 493 1413 sit,
523 1339 593 1422 quie
623 1335 729 1402 διττόν
751 1359 804 1402 neo
833 1361 887 1424 per
909 1339 1098 1404 librariorum
1126 1359 1243 1402 errores

234 1473 288 1516 neo
310 1473 364 1537 per
379 1451 623 1537 interpolatorum
647 1451 800 1517 audaciam
822 1455 851 1515 in
867 1457 929 1517 neri
943 1453 1024 1519 abire
1039 1457 1149 1540 potuit.
1183 1451 1244 1518 seo

236 1565 325 1631 modo
340 1565 440 1630 videas
463 1566 617 1630 lectionem
641 1565 708 1632 noel.
725 1567 767 1631 At
787 1564 853 1631 ἔστι
875 1569 936 1653 γάρ
959 1589 1021 1632 τινι
1043 1562 1079 1632 nel
1094 1561 1136 1632 osi
1150 1569 1243 1632 insen

234 1675 330 1756 τινός.
376 1680 455 1764 Quid
478 1681 573 1769 ergo?
602 1681 707 1747 Nonne
730 1685 858 1767 genuina
881 1684 967 1748 lentio
991 1682 1095 1746 addim
1117 1685 1187 1758 aul,
1210 1693 1244 1746 ut

235 1796 317 1884 qnod
340 1799 478 1862 extremis
500 1797 591 1861 literis
614 1797 817 1883 praesedentis
831 1797 916 1862 verbi
936 1798 1075 1863 haustum
1092 1801 1140 1876 sit,
1163 1796 1244 1862 laeil·

235 1913 301 1976 lime
324 1912 403 1976 burm
420 1914 456 1974 in
486 1910 605 1976 modum
628 1907 866 1999 restitui'potest
888 1909 953 1976 iore
974 1912 1037 1998 γάρ
1059 1935 1122 1978 τινι
1143 1907 1179 1976 eri
1203 1905 1243 1978 orl
1362 1962 1366 1968 -

235 2028 328 2092 ἕνεκα
349 2026 404 2088 eet
424 2024 531 2100 orror?
559 2027 697 2114 Augetur
718 2049 788 2092 vero
812 2027 885 2093 lidos
909 2029 998 2112 hujus
1022 2028 1243 2104 emendationis,

235 2141 399 2229 quisalius
422 2163 542 2230 quoque
565 2142 719 2208 diserimen
743 2143 849 2208 borum
870 2165 1012 2230 generum
1028 2143 1085 2208 nori
1098 2139 1137 2208 οὗ
1150 2145 1244 2206 ἕνεκα

235 2258 374 2324 distinete
398 2279 469 2324 nasu
484 2261 614 2345 genitivo
631 2271 661 2322 et
676 2258 776 2322 debeo
794 2258 978 2346 designatur:
1003 2259 1039 2322 de
1056 2281 1105 2322 an.
1121 2257 1201 2326 4151,
1212 2257 1242 2334 2,

235 2386 264 2438 et
286 2357 367 2436 ¹²20.
391 2369 428 2436 τὸ
451 2371 483 2436 δ’
499 2366 538 2436 οὗ
559 2375 653 2436 ἕνεκα
676 2367 794 2447 διττόν,
816 2370 853 2436 τὸ
876 2375 935 2457 μὲν
958 2367 998 2438 οὗ
1019 2369 1055 2437 ei
1081 2373 1117 2438 eli
1139 2367 1180 2459 ᾥς
1207 2371 1244 2436 de

235 2509 300 2574 gen.
315 2509 361 2552 an.
374 2485 453 2552 742³
464 2485 516 2552 23.
532 2480 568 2550 nel
586 2489 646 2570 μὲν
657 2481 720 2572 γάρ
737 2485 822 2551 ἐστιν
835 2484 949 2572 risiare}
965 2491 1093 2571 κίνησις,
1108 2481 1144 2550 τὸ
1165 2486 1201 2551 δὲ
1219 2480 1244 2572 ᾦ

234 2602 347 2688 χρῆται
369 2597 405 2666 eb
422 2597 461 2666 οὗ
475 2602 587 2666 lvere·
604 2601 644 2666 ol.¹
657 2603 799 2696 Tbemist:
817 2601 855 2666 ad
872 2601 911 2666 tlo-
922 2625 969 2666 sn.
986 2601 1006 2664 l.
1022 2599 1081 2666 45¹·
1096 2601 1127 2666 2.
1162 2601 1243 2666 Neve

235 2719 302 2804 quis
325 2716 448 2802 objiciat
467 2701 509 2782 ob
532 2720 684 2804 sequentia
700 2717 792 2782 verba
815 2721 935 2782 inverso
959 2715 1063 2780 ordine
1088 2715 1243 2782 dicendum

234 2831 339 2898 inisse:
364 2829 429 2896 ibes
451 2831 511 2916 γάρ
535 2853 620 2904 τινος
635 2828 669 2893 τὸ
686 2824 725 2896 οὗ
741 2833 834 2896 ἕνεκα
849 2834 904 2894 eorl
918 2852 990 2896 τινι.
1024 2831 1098 2896 Nam
1122 2831 1245 2896 liberior

234 2947 308 3010 beeo
336 2944 526 3011 construendi
554 2946 732 3012 retioalias
761 2968 880 3033 quoque
908 2945 988 3031 apud
1012 2947 1065 3011 Ar.
1094 2946 1245 3010 invenitur

235 3059 314 3127 992ἃ
332 3059 390 3154 ll,
414 3059 513 3124 lOiib
527 3061 558 3137 2,
576 3061 607 3128 3.
649 3061 714 3125 lem
738 3061 819 3148 quod
843 3061 965 3126 adrem
988 3063 1082 3147 ipsam
1106 3039 1242 3146 pertinet,

235 3177 306 3240 mibi
341 3176 458 3263 quidem
491 3178 543 3240 vix
579 3176 702 3240 dubium
737 3197 800 3240 esse
829 3176 961 3252 videtur,
1001 3178 1073 3262 quin
1109 3177 1243 3262 quaestio

92 3307 97 3314 ’
235 3293 270 3356 Β.
287 3288 366 3356 996²
385 3288 428 3355 23
440 3329 472 3342 -
485 3290 542 3367 27,
571 3290 609 3356 ll.
630 3288 728 3356 1059ἃ
743 3289 785 3354 35
799 3329 833 3342 -·-
845 3289 888 3357 38
911 3290 1074 3376 disceptata
1097 3290 1154 3354 hoo
1177 3291 1244 3356 loeo
1370 3285 1372 3294 ’

217 3409 421 3494 respiciemur.
457 3407 518 3470 lllie
540 3409 616 3470 enim
639 3425 757 3470 eausam
780 3405 910 3481 finalem,
935 3417 970 3468 ut
993 3425 1069 3492 quae
1092 3407 1122 3469 in
1144 3403 1242 3479 rubus,

137 3549 140 3559 ·
236 3545 311 3610 quoe
342 3534 531 3598 moveantur,
562 3535 711 3599 versetur,
742 3525 772 3586 in
800 3524 893 3606 prima
917 3520 1192 3608 pbilosopbiasive
1214 3522 1245 3582 in

236 3637 371 3702 (lontrina
400 3637 435 3702 do
466 3638 567 3723 primis
597 3650 685 3724 atque
715 3639 843 3702 immotis
866 3636 1040 3702 substantiis
1063 3635 1161 3700 loeum
1185 3653 1245 3698 non

230 3753 345 3856 babere
373 3755 507 3839 speniosn
536 3753 639 3819 lrsude
662 3752 715 3818 tir.
740 3752 848 3816 dooere
871 3763 1005 3816 conatur.
1051 3751 1130 3816 Haeo
1153 3752 1245 3838 igitur

237 3870 370 3956 quaestio
392 3869 458 3934 boe
486 3871 515 3932 in
544 3869 621 3935 libro
645 3869 698 3932 Ar.
724 3867 759 3932 de
788 3889 902 3932 summo
932 3867 1012 3933 bono
1040 3867 1151 3952 primae
1173 3863 1245 3930 sub·
