2784 4606
651 371 693 434 ott

169 549 294 614 stantiae
317 548 407 612 iuaito
431 546 619 635 disputatum
642 548 807 612 necessario
824 544 965 611 solvenda
980 543 1045 612 suit.
1079 546 1180 634 Atque

169 663 342 752 profligavit
381 663 456 728 hanc
490 661 702 729 dubitationem
740 662 956 750 simplicissima
992 661 1179 728 distinetione

170 781 248 846 inter
271 779 332 843 duo
356 800 463 866 genera
486 781 542 843 τοῦ
565 770 604 844 αὖ
627 780 719 843 ἕνεκα
742 780 885 843 instituta.

240 891 339 960 1076·
361 891 411 960 tt.
448 896 504 957 eet
530 896 562 958 εί
587 915 617 957 τε
646 891 751 976 δόγμα
780 887 888 956 κοινὸν
915 889 991 976 ἢμίν
1013 887 1179 968 κάκείνως,

171 1000 262 1072 τοῦτ’
272 1007 340 1088 ἰδίᾳ
354 1004 397 1092 μὴ
414 1001 500 1072 καθ’
514 1005 604 1093 ὴμῶν
621 1007 886 1090 δυσχεραίνωμεν.
916 1007 1048 1073 Verbum
1066 1006 1180 1087 δυσχε·

172 1126 295 1208 ραίνειν
317 1135 346 1189 et
374 1126 470 1190 activa
491 1125 523 1188 vi
552 1123 587 1189 de
616 1127 667 1200 iis,
699 1127 749 1210 qui
779 1124 906 1210 aliquam
934 1143 996 1186 rem
1024 1121 1181 1207 repudient

172 1249 373 1325 respuentque
396 1232 511 1317 (tutat
527 1235 578 1302 30.
603 1239 638 1302 cd
662 1234 692 1301 δ’
710 1232 824 1302 ἄνισον
848 1236 1110 1324 δυσχεραίνουσιν
1125 1230 1180 1304 aei-

170 1351 284 1434 λόχως)
313 1365 343 1418 ει
364 1355 395 1416 vi
424 1353 551 1418 neutrali
581 1351 616 1416 de
644 1354 694 1428 iis,
729 1356 780 1440 qui
809 1353 848 1418 ob
879 1354 1087 1440 aegrimoniam
1117 1353 1180 1418 aliia

171 1466 278 1532 inienai
300 1469 368 1544 sint,
393 1463 465 1548 (eth.
482 1466 545 1532 Nic.
566 1465 699 1532 112828
723 1475 788 1542 cate
810 1489 844 1530 τε
866 1466 993 1546 λέγουσι
1010 1466 1181 1551 δυσχεραί-

171 1579 292 1663 νοντες)
316 1595 487 1668 usurpatur.
529 1582 594 1646 Hoc
617 1583 683 1646 loco
707 1595 832 1668 utraque
855 1584 885 1645 vi
910 1583 999 1666 hujus
1021 1581 1106 1646 verbi
1130 1603 1180 1647 oo·

171 1697 275 1784 puiata
305 1708 334 1761 et
362 1695 526 1762 doctrinam
552 1696 704 1783 repudiari
726 1693 847 1776 (rodco)
871 1709 900 1761 et
921 1700 1017 1782 ipsum
1042 1695 1081 1760 ob
1105 1696 1180 1762 hano

172 1809 337 1878 doctrinam
360 1811 522 1896 vituperari
545 1808 642 1891 (καθ’
659 1808 764 1896 ἡμῶν)
787 1811 840 1876 Ar.
865 1811 1028 1898 significare
1051 1810 1178 1878 videtur.

172 1927 215 1992 At
242 1947 295 1990 cur
317 1933 427 2016 quaeso
451 1928 520 2003 An,
551 1929 576 1992 εἰ
605 1899 686 1992 sortex
710 1926 808 2013 aliqua
831 1929 861 1990 in
884 1947 916 1990 re
940 1947 1006 1991 eum
1029 1927 1180 2013 pridribua

171 2041 358 2128 phiiosophis
381 2043 561 2117 consentiat,
593 2043 655 2128 ipse
680 2063 711 2106 se
734 2042 858 2128 carpat?
891 2043 956 2128 ipse
979 2054 1056 2108 certe
1080 2042 1179 2108 studio

172 2158 234 2222 veri
250 2154 448 2242 investigandi
464 2155 569 2221 duetus
586 2156 663 2222 hanc
682 2178 742 2222 rem
758 2157 815 2222 sihi
831 2159 994 2243 persuasit3
1019 2157 1066 2222 aiii
1082 2171 1180 2224 autem

173 2272 349 2366 annuariam
379 2273 550 2335 seutentiam
579 2256 672 2337 secuti
701 2271 775 2336 hane
800 2272 851 2338 Ar.
877 2271 1039 2337 doctrinam
1069 2275 1180 2360 impro-

171 2385 243 2452 bare
272 2389 386 2473 optimo
410 2386 479 2471 jure
509 2386 656 2452 dicuntur.
710 2385 762 2452 Sin
792 2389 859 2474 quis
888 2399 984 2451 autem
1015 2387 1051 2452 de
1078 2386 1179 2454 intare

172 2513 305 2587 tempore
328 2505 458 2589 cogitare
474 2501 610 2580 voluerit,
634 2505 659 2565 is
674 2501 783 2577 videat,
808 2523 844 2567 ne
867 2501 1006 2566 subtilius
1024 2525 1180 2589 argumen-

171 2629 259 2682 tetur.
294 2615 368 2682 Nam
391 2617 450 2681 hoe
471 2637 532 2682 non
557 2615 645 2681 modo
662 2617 740 2680 nulla
756 2617 902 2702 particula
917 2618 1072 2704 temporali
1088 2620 1179 2706 signi-
1211 2680 1214 2687 .

171 2731 289 2796 ficetum
314 2744 373 2810 est,
406 2730 568 2796 sedetiam
593 2734 710 2796 nimiam
734 2734 958 2797 inconstantiam
982 2736 1011 2796 iu
1041 2734 1180 2818 graviori·

174 2846 228 2910 mic
255 2845 302 2909 bis
329 2845 419 2912 rebus
447 2845 596 2932 proderet.
649 2847 750 2932 Itaque
779 2845 1037 2930 δυσχεραίνωμεν
1059 2847 1133 2912 maie
1162 2869 1180 2911 a

172 2959 300 3026 librariis
311 2958 498 3047 praecedenti
510 2956 596 3043 ὦμεν
608 2961 840 3038 accomodatum,
852 2965 1068 3048 genuinamque
1079 2962 1180 3044 lectio·

172 3094 238 3138 nem
262 3095 324 3139 case
348 3073 597 3160 δυσχεραίνωσιν
618 3077 791 3162 putaverim.

242 3185 383 3254 1077¹¹4
416 3189 446 3252 ai
475 3185 538 3274 χδρ
565 3186 608 3274 μή
637 3187 702 3254 ἔστι
730 3189 824 3274 πάδη
854 3185 944 3274 παρὰ
973 3184 1032 3264 τὰς
1061 3187 1180 3266 οὐσίας,

169 3299 242 3370 υίυν
265 3302 453 3388 κινούμενόν
475 3327 504 3367 ec
527 3304 547 3387 ἢ
570 3302 692 3370 λευκόν.
725 3305 869 3392 Exempla
893 3304 980 3370 ailata
1000 3308 1111 3393 pariter
1125 3327 1180 3370 un·

172 3419 226 3484 das
241 3417 411 3485 affectiones
426 3419 658 3486 substantiarum
676 3419 829 3508 designare
846 3419 964 3486 debent.
994 3419 1069 3486 Cum
1082 3431 1179 3486 autem

173 3533 271 3600 verbio
307 3529 499 3617 κινούμενόν
527 3557 557 3598 τι
593 3534 707 3601 affectio
738 3535 881 3622 quaedam
916 3557 982 3602 eum
1013 3535 1179 3628 substantia

173 3650 331 3734 conjuncta
353 3652 551 3735 exprimatur,
579 3630 741 3736 pronomen
766 3649 949 3718 indefinitum
971 3654 1002 3714 et
1025 3648 1179 3718 delendum

172 3776 217 3830 cst
231 3763 395 3830 Alexandri
417 3763 593 3832 auctoritate
615 3765 732 3831 favente
754 3763 839 3846 (οἷον
861 3762 976 3833 λευκὸν
998 3769 1052 3832 καὶ
1071 3765 1180 3834 cruori·

170 3899 281 3961 μενον,
304 3881 444 3944 concidat
463 3877 605 3962 κίνησις)
685 3909 691 3920 ·
