2782 4612
273 1333 327 1398 DE
354 1333 467 1399 settle
494 1275 710 1406 LIBRORUM
735 1273 1126 1402 Murtrttrslcotwtt.

198 1607 263 1714 De
292 1645 396 1714 ordine
423 1646 566 1716 librorum
594 1644 864 1733 metaphysicorum
893 1647 1059 1734 scripturus
1081 1651 1209 1736 primum

198 1767 313 1830 veniam
344 1786 361 1828 a
384 1761 539 1850 judicibus
565 1761 718 1828 benevolis
747 1773 833 1848 pcto,
858 1765 883 1828 si
906 1735 1109 1852 quaestionem
1132 1765 1209 1832 diffi-
1325 1845 1327 1848 ¹

199 1880 347 1966 adlimam,
371 1901 388 1944 a
403 1890 450 1944 tot
464 1879 535 1942 viris
552 1877 728 1944 doctissimis
745 1877 989 1966 amplissimisque
1005 1879 1208 1968 disceptarem,

199 2017 254 2080 ego
273 1996 392 2079 juvenis
414 1995 564 2080 suscipere
588 1991 694 2060 audeo.
730 1992 868 2060 Procacis
891 1991 1033 2063 sedecies
1048 2018 1084 2061 ae
1100 2018 1145 2064 ms
1160 2019 1209 2064 ac·

198 2122 303 2176 cusent
329 2108 464 2196 modesto
492 2111 589 2176 aalma
613 2129 683 2189 oro;
718 2130 785 2176 narn
808 2131 868 2176 non
892 2112 972 2178 inani
995 2113 1124 2179 vanitate
1146 2113 1208 2200 pel·

180 2207 306 2304 itacius,
331 2227 383 2293 sed
407 2249 466 2293 uno
483 2231 545 2320 veri
568 2224 765 2314 investigandi
789 2225 888 2294 studio
913 2225 1020 2296 duetus
1035 2227 1118 2296 naias
1134 2228 1209 2296 duxi

198 2344 314 2407 silentio
339 2342 535 2420 abscondere,
559 2346 584 2408 si
608 2365 696 2430 quam
720 2342 813 2406 lucem
837 2344 880 2407 rei
902 2345 1092 2431 gravissimas
1114 2345 1209 2412 aliun·

199 2457 267 2523 dere
295 2460 416 2544 possim.
464 2457 524 2523 Sed
553 2480 590 2523 ne
613 2457 689 2522 hane
713 2460 913 2543 quaestionem
936 2461 1022 2524 nimis
1045 2460 1207 2540 dilatarem,

198 2576 322 2639 strictim
344 2595 436 2638 meam
453 2563 621 2661 opinionem
638 2594 806 2661 proponere
821 2595 875 2639 nec
891 2574 1002 2662 ubique
1017 2578 1047 2642 in
1064 2599 1107 2654 ea,
1133 2598 1208 2664 quaa

198 2689 306 2754 allide
328 2690 384 2754 hac
406 2710 438 2754 re
461 2691 615 2767 senserint,
639 2710 796 2754 excurrere
820 2690 889 2754 mihi
912 2690 1034 2777 placuit.
1080 2692 1124 2758 Eo
1147 2714 1208 2758 ma·

193 2807 290 2892 jarem
306 2819 402 2870 autem
424 2807 644 2874 excusationem
660 2806 717 2869 hoe
733 2806 886 2871 eonsilium
903 2827 983 2873 meae
999 2806 1208 2894 disputationis

196 2921 328 2998 habebit,
357 2924 427 3007 quia
450 2923 620 3008 nuperrime
640 2921 795 2986 Bonitzins
818 2925 848 2986 iu
871 2921 1000 2990 editione
1022 2945 1075 2990 sua
1098 2937 1207 2990 statum

198 3059 303 3102 causac
325 3039 434 3124 insigni
456 3039 667 3124 perspicuitate
692 3037 870 3124 explanavit.

264 3153 364 3241 Atque
390 3157 503 3220 utinam
527 3155 599 3218 mihi
622 3154 738 3230 liceret,
765 3154 849 3239 justa
871 3155 920 3218 via
942 3175 976 3220 ac
1000 3135 1113 3220 ratione
1137 3175 1208 3220 con·

197 3270 294 3335 silium
318 3281 347 3333 et
371 3267 503 3334 ordinem
526 3271 633 3334 horum
657 3268 801 3334 librorum
815 3265 972 3357 persequi.
1009 3268 1069 3336 Sed
1093 3292 1126 3335 ea
1143 3293 1208 3337 sors

151 3467 154 3471 .
197 3386 268 3450 mihi
292 3383 428 3463 obvenit,
458 3397 493 3450 ut
520 3384 624 3472 pedem
647 3384 779 3471 prolerre
802 3406 960 3472 nequeam,
991 3387 1021 3450 ni
1045 3397 1132 3452 antea
1154 3386 1207 3450 ols-

197 3501 308 3566 stacnla
332 3502 501 3566 amaverim.
537 3499 668 3587 Singulis
691 3503 782 3588 igitur
797 3499 1020 3566 difficultatibus
1042 3504 1207 3588 pensitatis,

197 3630 286 3704 atque
317 3615 422 3680 diffusa
452 3619 623 3704 quaestione
652 3618 681 3680 in
705 3617 845 3682 arctiores
874 3619 1076 3705 arctioresque
1103 3618 1209 3684 limites

198 3734 383 3811 constricta,
396 3731 454 3799 snb
474 3729 561 3798 linem
585 3731 702 3797 demum
724 3734 896 3798 senteutiam
919 3753 1012 3799 meam
1034 3734 1151 3821 plenam
1173 3755 1208 3800 ac

196 3847 357 3936 Plisiliim
380 3870 555 3938 Pl⁰l⁰¹¹³m·
589 3846 633 3916 lia
656 3860 753 3915 autem
778 3860 823 3916 est
843 3851 887 3915 rei
905 3847 1075 3918 tractandae
1090 3836 1206 3926 natura,
1292 3880 1295 3886 ,
1388 3829 1389 3886 l
