2782 4612
655 355 816 454 ,ιο-ι-

231 533 431 618 καλούμενον
464 533 602 609 ὕπατον,
636 531 746 620 ψυχὴν
779 534 863 597 εἶναι
891 533 948 597 τοῦ
976 529 1099 610 παντὸς
1131 539 1248 602 οἴεται.

231 651 370 714 τουτέστι
403 653 460 712 τοῦ
494 647 615 732 κόσμου
647 642 705 732 τὴν
733 643 844 732 ψυχὴν
871 644 961 712 θεὸν·
984 642 1245 732 ὑπολαμβάνων,

232 747 329 839 ariade
350 759 437 851 αὐτῷ
459 765 683 847 περιπείροται.
717 759 735 825 ὁ
757 757 819 846 γάρ
843 784 894 825 τοι
914 766 1007 847 μέχρι
1030 767 1084 848 τῆς
1106 760 1262 850 σιληνης,

98 887 104 898 ”
231 872 329 964 αὐτῆς
352 877 499 961 διορίζων
521 873 579 962 την
601 875 772 960 πρόνοιαν,
800 873 911 940 ἔπειτα
933 873 991 942 τὸν
1009 878 1135 962 κόσμον
1155 874 1246 943 ’θεὸν
1316 887 1339 920 ”

231 991 417 1078 ἡγούμενος,
446 994 681 1076 περιτρέπεται,
710 986 768 1056 τὸν
796 991 933 1076 ἄμοιρον
960 992 1018 1056 τοῦ
1046 992 1131 1057 θεοῦ
1158 989 1247 1058 θεὸν

232 1106 440 1191 δογματίζων.
480 1107 576 1170 Multo
606 1109 699 1192 magis
723 1119 820 1172 autem
845 1107 1004 1172 Clementis
1026 1107 1099 1172 tides
1123 1107 1159 1172 ab
1184 1111 1246 1173 ista

231 1224 377 1288 columnia
400 1222 552 1296 liberatur,
580 1223 606 1284 si
628 1221 726 1284 iocum
750 1223 802 1302 Ar.
827 1225 921 1308 ipsius
944 1221 1128 1308 aSimpiicic
1152 1222 1244 1287 nohis

230 1351 379 1402 servatum
403 1339 581 1421 apponimus
604 1335 656 1398 Ar.
681 1336 774 1399 schol.
798 1334 878 1400 473¹j
898 1335 951 1400 40.
975 1336 1036 1420 χρῆ
1058 1331 1117 1400 οὖν
1139 1333 1245 1400 ἄνοῦ-

232 1445 300 1514 σαι’
317 1451 371 1534 τῆς
401 1442 638 1534 Ἀριστοτέλους
672 1447 803 1526 λέξεως,
843 1450 888 1524 τίς
921 1451 962 1534 ἢν
995 1447 1257 1541 ἀποτεινόμενος,

230 1565 331 1630 ταῦτα
354 1565 460 1630 πάντα
481 1566 645 1648 γέγραφεν
667 1561 769 1637 οὕτως
791 1562 930 1642 ἔχουσαν
958 1559 1064 1628 »ἀλλὰ
1087 1560 1151 1648 μὴν
1165 1561 1244 1628 ndd’

132 1657 137 1662 ⁵
230 1675 293 1746 aiud
319 1679 426 1764 ψυχῆς
455 1677 525 1742 οίόν
550 1699 585 1741 τε
607 1679 690 1742 εἶναι
712 1673 769 1762 τὴν
790 1674 943 1763 τοιαύτην
967 1674 1047 1764 ζωην
1070 1674 1246 1764 divamve?

229 1799 407 1882 μακαρίαν
431 1789 556 1876 ἀνάγκη
579 1787 642 1876 γὰρ
666 1796 721 1854 καὶ
736 1790 792 1877 την
807 1797 930 1877 κίνησιν
943 1788 1025 1875 μετὰ
1041 1797 1115 1875 βίας
1130 1787 1244 1869 οὖσαν,

230 1912 319 1993 εἴπερ
348 1917 443 1982 κινεῖ,
472 1899 635 1990 φέρεσθαι
663 1901 844 1990 πεφυκότος
866 1900 923 1971 τοῦ
946 1905 1075 1990 πρώτου
1096 1907 1245 1989 σώματος

230 2018 338 2095 ἄλλως
360 2031 443 2086 uerat
463 2020 601 2100 συνεχῶς
624 2017 704 2100 (fort.
730 2021 786 2105 leg.
806 2024 906 2102 εἴπερ,
931 2023 1094 2106 φέρεσθαι
1115 2040 1149 2085 π.
1163 2045 1190 2083 τ.
1205 2042 1243 2086 π.

231 2152 258 2199 σ.
273 2135 388 2216 ἄλλως,
411 2143 493 2199 erret
506 2132 666 2226 συνεχῶς)
691 2131 835 2214 ἄσχολον
848 2136 931 2202 εἶναι
946 2140 1001 2201 καί
1015 2131 1119 2220 πάσης
1134 2131 1244 2219 ἀπηλ-

229 2249 392 2335 λαγμένην
414 2247 577 2335 ῥαστώνης
600 2247 792 2332 threnorum«
964 2339 966 2343 Ι

297 2365 387 2448 Quod
409 2387 481 2428 vern
510 2364 549 2427 ad
577 2363 707 2449 reliquos
735 2364 818 2427 loces
846 2367 877 2429 in
901 2363 963 2430 Cic.
993 2365 1030 2428 de
1058 2377 1119 2430 nat.
1144 2363 1241 2442 deun,

230 2479 268 2545 ad
283 2479 336 2544 Ar.
362 2478 525 2543 doctrinam
548 2477 724 2562 spectantes,
750 2451 869 2553 attinei‚
894 2481 951 2566 ipsi
975 2501 1045 2544 sane
1069 2501 1122 2567 per
1143 2501 1174 2572 ρο
1189 2479 1244 2542 iir-

230 2616 309 2659 mum
333 2604 538 2680 argumentum
561 2591 693 2656 nondum
716 2592 923 2679 suppeditaut3
947 2597 1046 2659 nescio
1063 2607 1175 2670 tamen,
1202 2616 1243 2658 an

229 2714 260 2774 in
284 2711 391 2775 certius
413 2708 611 2772 testimonium
629 2708 712 2772 evehi
727 2711 857 2794 possint·
889 2710 989 2796 Atque
1005 2711 1164 2774 rectissima
1175 2711 1243 2794 jam

228 2826 384 2890 Daviesius
408 2826 438 2886 in
461 2825 678 2886 commentariis
701 2823 739 2887 ad
755 2822 817 2888 Cic.
843 2825 879 2888 de
901 2837 962 2888 nat.
988 2824 1069 2888 deor.
1095 2837 1125 2888 et
1146 2824 1243 2888 Bran·

230 2937 388 3005 disiusl.1.
406 2935 444 3001 ad
460 2935 522 3020 Cic.
535 2935 568 3012 ΙΙ,
586 2934 625 3000 15
642 2935 833 3002 Plutarchum
851 2938 886 3003 de
902 2939 977 3024 plac.
993 2919 1111 3024 phil.V,
1126 2937 1183 3014 20,
1210 2953 1244 3006 ct

229 3055 276 3120 ad.
294 3053 326 3131 li,
341 3051 381 3118 37
404 3049 528 3117 Sextum
544 3051 725 3138 Empiricum
742 3053 857 3117 advers.
876 3053 1044 3118 mathemat.
1061 3053 1111 3132 IX,
1129 3052 1181 3129 20,
1196 3051 1239 3119 21

229 3170 433 3244 contulerunt,
459 3189 518 3255 qua
541 3170 571 3230 in
594 3188 625 3234 re
648 3180 733 3232 notes
758 3166 883 3232 Sextum
898 3167 1079 3254 Empirieum
1101 3170 1154 3234 Aa.
1179 3189 1243 3232 me-

229 3283 402 3370 taphysicos
430 3303 501 3346 sane
530 3280 624 3344 lihrns
651 3281 727 3347 hene
755 3285 891 3370 cognitos
915 3283 1054 3349 hahuisse
1078 3281 1127 3366 [cf.
1152 3281 1240 3349 Sext.

148 3483 150 3487 Ι
228 3398 314 3484 Eup.
338 3397 405 3462 adv.
431 3395 596 3484 mathemat.
613 3395 701 3472 1x‚7
727 3409 755 3462 et
777 3396 830 3461 Ar.
855 3399 983 3487 metaph.
1009 3404 1053 3463 A.
1070 3420 1096 3463 c.
1114 3396 1160 3498 3]ἱ
1192 3398 1244 3464 lix

229 3514 274 3578 his
297 3495 369 3578 locis
394 3526 503 3579 certum
528 3525 665 3600 apparet,
690 3512 743 3577 Ar.
769 3511 933 3577 doctrinam
958 3512 993 3577 de
1016 3495 1137 3579 summis
1157 3517 1243 3602 prin-

229 3629 313 3715 cipiis
336 3631 367 3691 in
390 3630 453 3692 aliis
479 3650 597 3717 quoque
621 3627 705 3693 libris
729 3626 899 3705 tradidisse,
924 3641 952 3692 et
976 3626 1060 3693 valde
1083 3627 1242 3695 verisimile

25 3793 30 3806 .
140 3789 142 3794 ,
228 3743 278 3820 fir,
305 3743 366 3810 Cic.
392 3748 421 3810 in
446 3745 501 3809 iliis
524 3743 607 3810 libris
633 3742 669 3808 de
693 3756 752 3808 nat.
770 3743 851 3808 deor.
877 3765 915 3808 ex
939 3743 1042 3808 eodem
1063 3744 1144 3810 tonte
1165 3745 1243 3810 hau-

228 3861 310 3923 sisse.
346 3859 470 3926 Accedit
485 3881 556 3925 vere
580 3860 654 3924 alius
670 3859 753 3924 locus
769 3858 965 3966 pulcherrime
981 3880 1140 3924 consonus.
1176 3857 1240 3926 Cic.
1289 3843 1294 3854 ’

229 3976 305 4038 enim
333 3973 368 4039 de
392 3983 452 4041 nat.
478 3975 559 4042 deur.
583 3975 605 4052 t,
622 3973 666 4041 38
689 3974 773 4040 dicit:
812 3971 1128 4063 »Orpheum'poetam
1151 3971 1243 4044 docet
