2782 4612
593 333 751 430 Α

165 513 222 580 bra
247 523 376 602 quatuor
388 511 526 578 versibus
548 514 644 600 iisque
668 503 822 578 diversam
838 513 1009 578 sententiam
1026 511 1178 578 includen-

166 629 249 695 tibus
276 631 442 717 interrupta
470 631 538 694 sint.
590 627 651 694 Nec
682 627 881 695 difficultatem
911 627 1010 694 verbis
1037 621 1112 702 τούς
1140 625 1178 692 δὲ

168 742 274 830 ὥσπερ
291 777 333 790 -—
349 743 430 819 ἔθος
452 747 535 809 uncis
558 743 678 810 inclusis
703 745 804 810 toliere
822 745 897 822 licet,
923 746 1033 832 quippe
1049 764 1175 832 quorum

167 873 400 944 structuranon
422 860 515 924 libera
538 862 585 936 sit,
610 859 662 924 sed
687 859 905 946 apra'eecdenti
921 857 1090 942 νομίζομεν
1105 881 1173 945 pen·

168 974 248 1040 dent.
276 975 414 1070 ‚Accedit
440 974 521 1062 quod
545 974 611 1039 cod.
629 974 670 1038 Di
685 987 715 1039 et
729 974 771 1040 Ab
786 998 815 1061 p.
834 997 872 1040 m.
897 969 972 1049 code
995 973 1031 1038 δὲ
1046 1013 1082 1026 -
1098 972 1178 1049 ἔθος

168 1092 315 1168 omittant,
337 1111 390 1156 nec
403 1089 489 1156 Alex.
507 1089 643 1176 explicet.
676 1088 736 1155 Sed
753 1111 867 1166 caveas,
884 1113 920 1154 nc
936 1091 1005 1155 hinc
1020 1090 1069 1154 ilia
1085 1087 1176 1154 verba

167 1208 269 1292 spuria
294 1226 358 1270 csse
386 1227 451 1269 eum
475 1203 667 1291 Sebwegiero
691 1227 824 1284 censeas;
853 1205 901 1269 itta
925 1208 1000 1270 enim
1024 1205 1115 1270 verba
1139 1205 1178 1270 ab

167 1320 221 1385 Ar.
245 1333 349 1407 postea
378 1342 437 1412 rem
467 1319 607 1385 dilatante
638 1323 667 1384 in
692 1323 822 1408 margine
846 1319 960 1406 adjecta
983 1334 1068 1397 sunt,
1100 1319 1178 1384 undo

169 1436 260 1500 altera
283 1435 370 1502 codd.
389 1435 496 1498 iamiiia
520 1457 553 1500 ea
576 1436 684 1511 omisit,
709 1435 798 1500 altera
817 1448 887 1520 post
902 1437 1008 1500 ἴσασιν
1022 1436 1177 1520 interjecit.

167 1550 306 1636 neeesse
333 1563 430 1614 tamen
458 1553 689 1637 transpositione
713 1571 833 1638 quoque
856 1541 1013 1616 difficuitas
1037 1550 1100 1615 tolii
1124 1573 1178 1636 po·

168 1677 236 1742 test,
260 1659 450 1759 verbishcede
466 1665 502 1729 dd
520 1697 559 1762 ’ss
577 1663 657 1739 ἔθος
671 1678 741 1752 post
755 1663 918 1748 γνωρίζειν
933 1661 974 1746 (ν.
988 1663 1021 1746 6)
1037 1666 1176 1748 trajectis.

200 1812 204 1818 ¹
237 1779 316 1846 981⁵
332 1778 383 1845 25.
409 1781 531 1867 εἴρηται
541 1783 601 1863 μὲν
611 1775 671 1844 οὖν
686 1823 721 1834 -
737 1778 864 1864 μᾶλλον
879 1771 934 1845 a'1.
958 1780 1064 1845 Verbis
1081 1792 1178 1844 extre·

137 1901 142 1912 '
169 1897 240 1959 mis:
270 1893 379 1969 scices,
402 1895 555 1978 καθάπερ
579 1895 701 1978 εἴρηται
723 1890 889 1981 πρότερον,
911 1891 930 1961 ὁ
952 1899 1011 1979 pse
1031 1871 1179 1982 ἔμπειρος

169 2015 235 2075 τείν
249 2006 426 2075 ὁποιανοῦν
447 2009 586 2091 ἐχόντων
600 2012 756 2094 αἴσθησιν
771 2011 854 2074 εἶναι
878 2009 969 2074 δοκεῖ
987 2009 1177 2095 σοφώτερος,
1210 2061 1213 2076 .

170 2124 188 2192 ὃ
212 2126 248 2191 δὲ
270 2128 411 2209 τεχνίτης
432 2123 495 2188 τῶν
518 2123 684 2208 ἐμπείρων,
708 2129 909 2209 χειροτέχνου
932 2124 969 2189 δὲ
991 2122 1009 2190 ὁ
1031 2109 1199 2210 α’ρχιτέοι-Ι
1303 2145 1308 2160 ’

171 2261 244 2318 των,
269 2236 305 2304 οἳ
327 2239 363 2303 δὲ
385 2241 581 2323 θεωρητικαὶ
601 2242 666 2304 τῶν
680 2241 852 2325 ποιητικῶν
865 2239 1009 2324 μᾶλλον*
1034 2263 1078 2317 ee,
1103 2259 1178 2326 quae

171 2377 261 2443 snpra
285 2356 371 2420 iatius
395 2357 531 2442 exposita
553 2368 632 2432 sunt,
656 2357 779 2421 strictim
799 2355 1103 2444 comprehenduntur:
1126 2376 1178 2418 ex·

171 2473 342 2560 perientiam
371 2491 474 2546 sensu,
509 2482 599 2535 artem
629 2474 824 2558 experientia,
855 2471 1024 2557 disciplinas
1052 2471 1178 2556 denique

170 2589 346 2654 theoreticae
375 2587 512 2674 practicis
539 2599 698 2672 praestare.
746 2586 828 2668 Quae
855 2608 902 2651 res
932 2607 997 2652 curn
1026 2589 1056 2650 in
1079 2586 1178 2670 priore

171 2706 276 2790 cepitis
303 2714 386 2789 perte
415 2721 510 2788 usquc
540 2700 577 2764 ad
607 2697 717 2784 ἱερέων
739 2698 840 2777 ἔθνος
866 2698 918 2782 (pt
942 2699 1001 2782 25)
1025 2701 1178 2786 expositae

171 2819 239 2895 sint,
264 2817 355 2882 verba
378 2815 458 2880 ὥστε
473 2855 507 2868 —·
523 2813 650 2899 μᾶλλον
665 2820 762 2880 statim
786 2828 857 2902 post
878 2812 977 2889 ἔθνος
999 2814 1091 2879 inuito
1109 2836 1179 2878 con·
1208 2903 1213 2911 Ι

172 2935 287 3000 sinnius
311 2932 545 2997 adnecterentur.
580 2930 665 2996 Nunc
682 2931 781 3022 uerbis
804 2933 985 3017 interpositis
1008 2933 1176 3014 εἴρηται-

170 3043 305 3123 πάντες,
327 3061 362 3112 ut
384 3070 421 3112 ex
445 3045 555 3134 quibus
578 3048 657 3112 nulia
679 3048 829 3112 conclusio
853 3047 917 3124 fiat,
942 3043 1179 3132 perincommode

171 3167 436 3248 interrumpuntur.
481 3163 613 3239 Accedit,
639 3161 719 3248 quod
743 3183 778 3226 eo
802 3161 877 3238 ioco,
902 3182 962 3248 quo
986 3183 1064 3226 nunc
1087 3158 1180 3226 verba
1255 3216 1262 3230 .

173 3279 254 3343 aiore
273 3275 398 3361 μᾶλλον
413 3279 560 3364 leguntur,
585 3278 750 3343 necessario
774 3289 844 3362 post
867 3273 902 3338 ai
925 3275 962 3339 et
985 3279 1180 3361 θεωρητικαί

171 3396 235 3459 τῶν
256 3396 428 3476 ποιητικῶν
454 3392 587 3457 addenda
617 3392 729 3458 suerint
757 3393 830 3457 haee
860 3391 934 3456 seros
968 3388 987 3475 ἢ
1017 3391 1053 3455 δὲ
1082 3395 1180 3475 σοφία

171 3513 237 3574 τῶν
260 3503 371 3573 ἄλλων
392 3507 599 3592 θεωρητικῶν
612 3500 648 3591 ¹),
672 3527 708 3571 οε
732 3529 780 3585 ca,
812 3527 886 3594 quae
909 3509 939 3569 in
962 3505 1061 3570 verbis
1084 3499 1124 3570 od
1147 3498 1181 3568 d’

172 3626 267 3689 ίνειια
287 3661 323 3676 --
343 3617 462 3697 πάντες
491 3622 628 3699 laterent,
663 3625 691 3686 in
723 3623 911 3687 conclusione
934 3621 1079 3708 particula
1102 3610 1196 3685 dees

232 3869 251 3938 ¹)
275 3866 307 3922 ci.
325 3875 357 3923 li.
377 3885 397 3924 c.
411 3865 436 3936 1,
456 3865 537 3924 1026·
545 3866 589 3926 23.
