2782 4612
604 321 763 452 Q
845 356 849 372 .

174 525 287 593 firmius
311 541 526 616 argumentum.
562 527 677 594 Etenim
701 534 727 594 ei
750 531 909 596 dictionem
931 529 1076 597 librorum
1098 543 1206 609 metm

174 643 368 730 physicorum
391 647 468 710 inter
490 666 521 709 se
545 649 829 731 comparaverimus,
855 657 913 712 tres
936 645 1030 710 libros
1045 649 1088 712 A.
1100 650 1191 710 M.

174 757 262 845 longe
286 763 389 824 ceteris
413 763 611 824 concinnitate
633 773 664 824 et
686 761 829 826 munditia
853 761 995 826 excellere
1011 761 1188 826 videbimus.
1288 757 1292 764 “

166 873 335 956 'Quomodo
364 875 420 938 hcc
450 877 480 938 in
508 875 584 940 libro
607 880 644 938 K.
667 875 874 960 explicandum
897 879 951 952 sit,
981 875 1071 940 modo
1095 875 1189 963 expli-

176 991 299 1066 cuimus,
323 990 423 1054 eadem
447 1003 543 1054 autem
562 994 644 1087 'ratio
668 989 705 1053 ed
727 990 835 1055 librum
852 995 892 1052 B.
915 989 1067 1054 transferri
1092 989 1188 1054 debet.

175 1102 248 1167 Nam
278 1104 357 1168 unde
385 1105 493 1169 factum
524 1119 583 1180 est,
612 1117 646 1168 ut
675 1104 750 1170 iiber
770 1109 811 1166 B.
835 1119 894 1169 tam
917 1106 1010 1192 polite
1034 1127 1068 1168 ac
1091 1105 1189 1169 limate
1296 1089 1303 1098 ¹

176 1215 361 1305 conscriptus
377 1219 436 1284 sit?
459 1219 564 1284 Nonne
581 1221 697 1282 occasio
713 1241 790 1282 nova
808 1218 981 1304 adjiciendi,
1005 1241 1083 1283 nova
1099 1221 1189 1282 inter-

175 1332 321 1419 ponendi,
345 1332 423 1398 unde
447 1335 553 1398 multas
577 1335 820 1399 inconcinnitates
844 1336 905 1399 reli.
926 1335 1071 1398 librorum
1096 1333 1189 1418 expli-

176 1441 284 1512 c'andas
308 1469 371 1513 esse
395 1433 558 1525 docuimus,
588 1451 679 1514 multo
703 1452 798 1534 major
820 1448 877 1514 suit
898 1451 928 1512 in
952 1448 1027 1513 libro
1044 1452 1085 1509 B.
1108 1447 1189 1510 solu-

175 1562 308 1627 tionibus
332 1567 538 1650 quaestionum
561 1564 746 1650 praemisso?
770 1562 854 1628 Unde
876 1567 968 1650 igitur
991 1565 1133 1626 concinne
1157 1573 1189 1624 et

174 1679 267 1764 polita
292 1679 381 1742 dictio
411 1679 500 1764 hujus
522 1678 614 1742 iibri?
650 1677 717 1742 Non
741 1679 871 1755 aliunde,
904 1678 1007 1754 credo,
1038 1689 1127 1763 atque
1151 1697 1189 1739 ex

175 1795 264 1857 altera
293 1815 378 1870 cura,
411 1815 498 1880 quam
521 1792 574 1857 Ar.
598 1793 668 1856 huic
699 1793 775 1857 libro
795 1795 964 1879 impertitus
989 1806 1041 1856 est.
1089 1793 1188 1877 Atque

175 1909 248 1984 haec
272 1930 317 1972 res
341 1929 396 1972 nos
420 1908 541 1972 deducit
563 1907 600 1970 ad
626 1919 786 1971 extremam
812 1910 1014 1994 quaestionem
1037 1907 1073 1971 de
1089 1919 1189 1993 poste-

174 2027 255 2086 riore
284 2035 368 2108 parte
396 2025 482 2108 primi
505 2021 574 2085 iibri
601 2024 664 2085 sive
689 2021 725 2085 de
748 2045 834 2108 capp.
854 2022 983 2114 lli-3X.
1029 2021 1103 2086 Nam
1127 2042 1188 2084 non

176 2137 264 2202 modo
289 2151 335 2201 ter
349 2141 378 2200 iu
402 2137 478 2201 libro
495 2142 535 2198 B.
550 2131 708 2216 (9951*32,
735 2134 859 2213 996118,
886 2133 965 2201 997¹»
978 2135 1013 2218 3)
1030 2137 1102 2200 hacc
1118 2157 1188 2220 pars

175 2253 243 2317 libri
259 2258 302 2316 A.
326 2255 448 2327 citatur,
473 2251 527 2316 sed
549 2253 589 2314 ita
614 2271 733 2338 quoque
756 2251 907 2326 laudetur,
935 2264 971 2314 ut
992 2251 1023 2313 hi
1047 2251 1104 2314 ioci
1126 2271 1188 2312 non

174 2369 279 2430 leviter
301 2365 406 2449 adjecti
437 2385 500 2428 esse
522 2365 693 2441 videantur,
724 2365 775 2428 sed
806 2387 871 2428 cum
900 2379 964 2429 totu
986 2365 1188 2450 disputatione

176 2483 307 2545 contexti
336 2482 395 2555 sint
409 2472 439 2559 ¹).
485 2478 517 2543 ld
544 2481 635 2566 igitur
658 2492 769 2544 certum
794 2493 853 2556 est,
885 2480 937 2544 Ar.
963 2480 1018 2542 hos
1041 2478 1133 2543 libros
1156 2481 1187 2541 in

174 2594 304 2660 secunda
333 2615 404 2658 eura
432 2597 473 2657 ita
503 2593 659 2678 disponere
681 2595 828 2670 voluisse,
858 2597 893 2658 u't
915 2597 971 2658 toti
996 2597 1079 2680 operi
1100 2599 1188 2679 prae-

174 2721 300 2798 poneret
322 2709 440 2794 pienum
464 2707 571 2771 librum
586 2714 629 2772 A.
673 2711 714 2773 Ae
737 2687 815 2773 nunc
838 2712 1033 2774 necessarium
1058 2708 1129 2784 suit,
1153 2720 1188 2771 ut

175 2828 298 2890 extremi
327 2823 394 2886 libri
423 2825 452 2885 in
482 2822 566 2886 aliam
596 2822 720 2886 sormam
748 2823 967 2910 redigerentur3
997 2827 1028 2886 in
1056 2822 1185 2909 perfecto

175 2942 251 3004 enim
276 2959 365 3022 opere
389 2935 513 3000 eundem
535 2948 692 3000 tractatum
717 2940 854 3002 iteratum
873 2937 943 3002 ferri
963 2931 1097 3025 nequire,¹
1121 2939 1185 3025 quis

176 3067 228 3129 est,
247 3055 317 3140 quin
334 3049 498 3116 concedat?
520 3051 674 3116 Praeterea
692 3051 859 3138 disputatio
870 3054 1050 3140 nailquorum
1066 3053 1186 3139 quoque

59 3153 64 3172 ⁸
173 3167 317 3232 librorum
341 3170 403 3230 sine
427 3165 519 3231 dubio
536 3167 717 3248 immutanda
733 3167 797 3232 fate.
832 3168 906 3232 Nam
923 3168 1052 3232 inlibris
1070 3170 1187 3230 Ιῖ-ψΝ.

175 3302 335 3367 numquam
365 3279 596 3364 disputationem
621 3293 751 3368 quatuor
773 3281 933 3368 generibus
958 3281 1187 3354 causerumad·

174 3398 266 3472 necti‚'
292 3399 380 3459 immo
405 3407 476 3458 veto
500 3415 627 3458 summas
652 3417 756 3458 causas
780 3396 818 3459 ad
842 3410 975 3462 aeternus
999 3409 1028 3460 et
1050 3399 1184 3460 immotas

174 3499 355 3575 substantias
378 3510 530 3574 transferri
547 3510 684 3574 vidimus.
721 3511 773 3575 Ar.
798 3513 889 3598 igitur
909 3515 939 3575 in
962 3512 1091 3576 secunda
1114 3533 1185 3576 curn

174 3637 305 3712 quatuor
327 3645 480 3688 causarum
504 3646 611 3711 genera
636 3625 830 3710 disputationi
853 3629 984 3692 intexere
1008 3619 1210 3702 debuit‘ne'

231 3885 250 3953 ¹)
273 3885 359 3939 Minue
379 3894 445 3940 certe
465 3885 609 3954 conjunctio
629 3887 753 3940 librorum
765 3893 796 3945 Α.
817 3895 842 3941 et
858 3894 894 3941 Κ.
914 3897 962 3954 est,
981 3891 1053 3943 utin
1073 3907 1124 3960 quo
1144 3905 1184 3944 se-

173 3977 224 4036 mel
242 3988 339 4037 tantum
359 3983 437 4054 idque
455 3985 482 4036 tn
500 3983 606 4038 exordio
625 3983 684 4037 libri
703 3983 780 4039 altera
798 4000 856 4055 pare
874 3983 934 4040 libri
947 3993 981 4041 A.
997 3987 1153 4059 respiciatur.
