2782 4612
606 341 765 440 Q

177 531 251 604 riat‚
280 526 332 590 sed
356 545 407 600 en,
438 537 470 590 ut
493 521 616 588 lormam
638 517 726 585 nobis
751 517 886 584 traditam
912 518 1046 605 euplieet.
1096 515 1191 582 Unum

178 641 309 727 lapillum
337 639 508 713 demoveat,
538 638 584 702 vel
607 636 696 700 ulium
720 636 750 716 in
772 634 870 698 loeum
893 631 1066 709 transierat,
1097 644 1126 696 et
1148 633 1194 698 vl·

180 755 272 831 debit,
297 773 371 840 quas
387 756 417 820 iu
434 751 620 817 difficultates
636 752 754 814 irrruat.
783 747 859 814 Meis
875 769 995 835 quoque
1011 749 1193 833 argumentis

181 867 395 956 exaggerandis
431 879 460 931 et
494 851 633 930 uberiore
661 863 862 950 disputatione
890 861 1070 926 illustrandis
1099 881 1191 932 monn

180 985 352 1048 sententiam
376 985 469 1068 magis
486 980 658 1045 confirmare
674 999 708 1044 ne
723 976 855 1042 stabilire
870 979 972 1064 potui3
996 974 1057 1052 sed,
1083 977 1108 1040 si
1124 997 1194 1043 vern

180 1111 234 1174 est,
254 1098 316 1182 jam
333 1117 411 1161 nuno
433 1097 546 1160 animos
562 1096 727 1168 convineat,
752 1094 797 1156 sin
813 1090 885 1156 salsa
901 1090 1029 1167 videtur,
1053 1112 1091 1156 oe
1106 1089 1206 1187 uten-
1227 1101 1234 1111 “

179 1215 255 1277 rima
278 1210 395 1297 quidem
420 1213 607 1296 expositione
631 1231 647 1272 a
670 1229 716 1270 rue
739 1204 928 1292 comprobari
947 1217 1055 1292 potest
1091 1205 1194 1270 Finem
1277 1275 1280 1278 ,
1326 1270 1329 1276 ,

180 1328 273 1412 igitur
296 1326 536 1390 commentationi
554 1323 676 1407 jamjam
699 1323 892 1407 impositurus
916 1319 995 1398 oddo
1012 1319 1065 1385 Ar.
1088 1319 1194 1384 verba:

180 1437 305 1522 μᾶλλον
319 1434 380 1522 γὰρ
404 1435 438 1500 ἐκ
453 1435 613 1502 πλειόνων
628 1437 670 1500 ἄν
687 1431 735 1498 ἔτι
749 1436 898 1518 πεισθείη
914 1456 961 1507 τις
975 1434 1193 1515 marsupium,

180 1546 263 1638 πρὸς
285 1551 322 1616 ee
344 1546 381 1616 el
404 1553 581 1636 menapum
603 1546 646 1634 psi
671 1550 881 1631 πεπεισμένος
903 1545 1007 1612 οὐθὲν
1028 1545 1166 1630 μᾶλλον.

697 1664 790 1728 Arist.
815 1663 945 1747 metaph.
962 1660 1010 1726 M.
1033 1681 1059 1728 e.
1076 1661 1143 1728 lX.'

587 1903 796 1918 ---·—··-····

568 2171 820 2240 EXCURSUS.

655 2332 728 2342 n·—

241 2457 273 2520 lo
287 2458 532 2524 commentatione
546 2455 583 2522 do
593 2453 760 2522 ordineAr.
769 2454 914 2525 librorum
927 2458 1198 2558 motap‘hyeieorour

182 2574 416 2660 praetermittere
438 2593 498 2637 non
521 2573 590 2636 lieet
612 2573 798 2636 notissimum
821 2572 902 2639 illum
924 2573 1022 2641 locon
1046 2571 1199 2642 Ciceronis
1289 2663 1292 2666 ·
1383 2561 1384 2634 l

184 2686 221 2751 de
244 2698 305 2758 nat.
333 2685 413 2750 deor.
435 2687 447 2750 1
476 2709 500 2751 e.
526 2684 582 2752 13:
623 2685 820 2755 »Aristoteles
850 2709 971 2776 quoqne
997 2691 1027 2752 iu
1051 2691 1138 2757 tertio
1162 2689 1199 2754 de

183 2801 377 2888 philosophia
405 2801 482 2866 libro
514 2803 604 2867 multa
634 2803 752 2879 turbat,
782 2825 800 2868 a
827 2806 969 2890 magistro
992 2802 1115 2871 Platone
1139 2821 1198 2871 uuo
1289 2811 1320 2876 ,“

181 2917 376 2993 -tlissentieus3
406 2915 495 2982 modo
520 2918 596 2982 enim
620 2920 709 2982 menti
731 2917 838 2984 tribuit
861 2939 977 2984 omnem
1001 2917 1197 2986 divinitatem:
1302 2907 1307 2910 ’

184 3013 281 3096 ωοάό
304 3029 446 3096 mundum
476 3034 573 3117 ipsum
604 3031 690 3096 deum
721 3031 792 3098 dicit
821 3055 898 3099 esse:
933 3033 1023 3100 modo
1053 3033 1198 3121 quondum

185 3147 275 3212 aliurn
297 3147 431 3233 praeficit
454 3146 575 3224 mundo,
601 3149 685 3234 eique
709 3169 757 3212 ens
781 3161 880 3235 partes
905 3148 1025 3226 tribuit,
1056 3161 1091 3214 ut
1112 3149 1200 3236 repli-

186 3264 302 3328 eotione
326 3260 452 3348 quadum
482 3261 583 3326 mnndi
612 3275 725 3328 motum
748 3276 832 3350 reget
854 3276 944 3352 etque
966 3276 1100 3335 tueatur:
1136 3276 1199 3332 tum

186 3377 261 3444 coeli
290 3375 426 3442 ardorem
455 3375 542 3440 deum
573 3375 645 3442 dicit
673 3399 752 3454 esse,
783 3399 844 3442 non
873 3380 1053 3466 intelligens,
1085 3379 1200 3456 eoelum

186 3490 289 3556 mnndi
313 3513 375 3556 esse
397 3504 520 3577 partem,
550 3513 636 3580 quem
660 3493 718 3556 alio
740 3493 806 3556 loeo
831 3495 894 3580 ipse
918 3493 1079 3580 designarit
1103 3494 1198 3559 deum.

187 3604 346 3691 Quomodo
371 3618 468 3670 autern
493 3607 567 3670 coeli
591 3607 709 3670 divinus
726 3605 773 3670 ille
790 3597 938 3672 sensns'in
957 3609 1103 3674 eeleritate
1119 3619 1201 3672 tauta

187 3722 356 3786 conservari
386 3721 506 3806 potest?
542 3721 593 3786 ubi
616 3719 722 3788 deinde
744 3723 785 3786 illl
803 3736 854 3795 ,tot
878 3723 933 3801 dii,
964 3728 989 3788 si
1013 3745 1200 3788 numeramus

188 3838 274 3900 etiam
299 3835 413 3900 coelum
438 3835 546 3900 deum?
582 3835 656 3903 Cum
681 3850 778 3902 autem
802 3841 864 3904 siue
888 3859 1014 3926 corpore
1037 3837 1114 3904 idem
1136 3838 1202 3903 vult
1300 3879 1305 3886 ·

117 3933 123 3944 ’
162 3973 251 4046 ιοεεο
285 3949 390 4030 deum,
426 3935 506 4019 omni
540 3951 621 4018 illum
651 3973 740 4022 seusu
768 3955 1004 4040 privat‚·etiam
1032 3954 1200 4046 prudentie.
