2784 4606
633 357 675 429 id

152 550 266 634 signat,
296 565 355 610 non
386 567 402 608 a
432 545 543 609 minore
572 565 695 610 numero
718 539 917 629 injunctarum
946 545 1102 608 notionum
1125 535 1162 608 ad

154 664 293 749 majorem
316 660 517 748 progreditur,
543 661 594 726 scd
618 682 716 754 parem
740 678 893 725 nnmerum
910 657 1007 740 (δόξα
1022 656 1162 722 coiece-

153 773 209 864 ρός
226 811 266 824 -
283 773 393 842 ἀδικία
414 780 469 842 καὶ
490 778 588 862 κρίσις
610 773 633 862 ἢ
653 773 753 858 μίξις)
775 779 804 840 in
824 789 951 863 utroque
968 775 1034 839 ioco
1051 776 1162 862 posuit,

153 894 203 960 aed
228 895 314 958 ctiam
339 893 429 958 aitcro
446 896 475 956 in
493 893 627 979 exemplo
644 891 758 956 addidit
781 886 971 978 »ὅνοθενῆ
986 891 1155 958 acconen«

155 1001 229 1098 quac
244 1008 344 1086 verba,
369 1012 394 1073 ei
417 1029 569 1072 nnmerum
593 1030 648 1094 pro
672 1011 787 1084 ratione
810 1007 966 1074 distantiae
986 1022 1163 1074 crescentem

154 1127 342 1212 respexisset,
359 1143 519 1212 numquam
535 1145 571 1188 ne
587 1123 712 1188 irridens
729 1123 846 1212 quidem
859 1123 990 1209 adjicere
1006 1127 1162 1211 potuisset.

153 1239 285 1327 iiapiosa
307 1243 399 1328 igitur
421 1240 477 1304 hac
501 1240 706 1326 explicatione,
732 1237 770 1304 ad
793 1240 928 1316 aiteram,
957 1261 994 1305 ex
1019 1261 1076 1328 qna
1100 1237 1163 1328 ἤδη
1236 1223 1242 1234 ’

155 1356 191 1423 de
213 1353 260 1433 re,
284 1377 461 1443 quamquam
486 1377 551 1420 ncn.
569 1368 716 1442 tempore,
742 1357 920 1441 cogitatione
943 1369 1040 1440 tannen
1063 1359 1163 1443 priore

154 1473 329 1558 uscipiatur,
358 1470 564 1560 confugiamus
587 1474 628 1534 ita
651 1473 892 1558 interpretantes:
924 1493 984 1537 ram
1008 1473 1163 1559 probaturi

154 1586 281 1654 aderunt
303 1589 437 1674 quamvis
459 1587 562 1650 harum
582 1589 736 1651 notionum
752 1607 904 1652 numerum
923 1609 995 1666 esse,
1019 1589 1163 1676 simulque

154 1691 334 1790 contingere,
358 1716 392 1769 ut
414 1704 473 1768 hoc
495 1705 525 1766 in
549 1702 617 1766 inco
638 1741 672 1756 -
692 1704 829 1771 nimirum
853 1724 898 1780 co,
923 1705 953 1766 in
974 1725 1033 1791 qun
1052 1725 1163 1791 oppor-

153 1821 323 1896 tunitatem,
348 1822 515 1905 opinionem
541 1819 662 1882 aliamve
685 1839 745 1884 nean
770 1839 833 1883 esse
853 1816 1048 1885 dicebant-
1068 1821 1164 1885 mniti-

153 1934 228 2001 tndo
259 1934 403 2022 quaedam
433 1937 669 1999 consociaturum
700 1955 859 2021 corporum
881 1973 915 1988 -
934 1937 952 2000 i.
974 1957 998 2000 e.
1023 1957 1163 2002 numerus

154 2053 261 2140 aiiqnis
284 2051 432 2126 coelestis,
464 2043 607 2134 ἀριθμὸς
630 2049 805 2132 σωματικάς
834 2091 867 2103 -
888 2054 949 2137 jam
972 2065 1090 2140 praesto
1115 2055 1162 2118 sit.

152 2165 234 2234 Neve
258 2171 324 2256 quis
348 2166 473 2244 haesitet
494 2168 524 2228 in
544 2164 636 2231 verbo
668 2163 834 2250 »πλῆθοςα
866 2166 902 2231 de
925 2162 1047 2233 numero
1072 2167 1162 2246 dicto,
1187 2161 1194 2172 ’

152 2287 324 2371 praesertim
348 2280 618 2392 cum-Pythagorei
641 2303 795 2346 numerum
820 2303 857 2346 cx
880 2284 991 2364 unitate
1014 2295 1042 2348 et
1066 2283 1164 2350 tuniti-

154 2399 256 2464 tudinc
279 2394 435 2484 (πλῆθος)
459 2396 607 2460 effinxisse
624 2391 818 2480 vincerunt.
855 2397 914 2462 Sed
934 2399 986 2462 vix
1010 2397 1065 2463 hac
1088 2398 1164 2464 diffi-

154 2513 262 2580 cnitate
285 2526 423 2600 superata
447 2515 477 2576 in
499 2513 617 2577 aiteram
636 2514 785 2590 irruimus,
811 2511 882 2601 qnid
899 2513 990 2578 verba
1012 2513 1164 2603 sequentia

162 2625 239 2694 »deci
250 2625 286 2694 τὸ
299 2624 339 2693 cci
351 2628 447 2714 πάθη
462 2627 563 2693 ταῦτα
578 2625 775 2694 ἀκολουθεῖν
786 2638 852 2704 τοϊς
865 2629 975 2703 τόποις
991 2625 1156 2706 ἑκάστοις(

154 2745 212 2810 sibi
240 2744 340 2824 veiint.
388 2744 435 2809 Ad
465 2747 636 2810 sententiam
670 2745 746 2810 enim
776 2747 911 2830 proxime
941 2746 1162 2831 praecedentem

162 2863 350 2946 ,σομβαθνει
372 2858 411 2924 δὲ
425 2897 468 2910 -
483 2859 634 2944 μεγεθῶν
654 2859 755 2926 reicrri
779 2882 838 2924 non
862 2874 997 2948 possunt.
1033 2860 1106 2928 Natu
1131 2874 1165 2927 nt

153 2977 361 3066 Pythagoreos
392 2977 531 3041 coelestes
555 2998 624 3040 sane
648 2971 787 3040 numeros
811 2999 848 3040 ex
872 2975 1026 3042 distantiae
1049 2981 1163 3043 ratione

155 3093 337 3180 disposuisse
353 3091 445 3157 videri
455 3087 475 3175 ¹)
492 3095 639 3168 omittam,
664 3090 745 3156 haud
761 3091 844 3158 iaciie
861 3105 940 3158 certe
955 3093 1003 3156 ad'
1015 3093 1156 3157 »ecdem

154 3209 324 3287 affectiones
347 3211 474 3284 cnumcri,
504 3207 673 3295 dequibus
697 3221 782 3272 antea
805 3209 845 3273 nii
869 3208 978 3274 dictum
1004 3221 1061 3286 est,
1093 3209 1164 3274 snb-

154 3323 333 3390 audiveris*
360 3323 433 3388 Mihi
464 3305 521 3388 din
544 3324 653 3401 dnbio,
685 3348 722 3389 an
751 3347 810 3392 non
840 3327 942 3412 spuria
973 3327 1033 3389 sint
1062 3324 1162 3401 verba,

153 3463 233 3506 nnnc
254 3443 382 3528 pen-nasi,
406 3453 477 3526 poet
491 3439 642 3523 pereum
656 3441 933 3531 interpungendum,
959 3452 989 3504 et
1003 3441 1095 3505 verba
1111 3461 1164 3504 ex·

154 3557 246 3624 trema
271 3553 326 3622 deni
342 3589 386 3602 -·-
401 3552 544 3630 ἑκάστοις
572 3555 612 3621 ed
635 3557 808 3640 conjunctas
831 3554 1039 3640 praecedentes
1062 3567 1162 3642 partes

214 3724 233 3787 ¹)
258 3722 289 3776 ci.
307 3729 341 3775 N.
362 3739 382 3776 c.
399 3721 419 3775 l.
440 3717 568 3775 10871210
585 3737 641 3792 sqq.

212 3819 233 3886 ⁸)
257 3819 288 3872 ci.
298 3821 477 3890 gravissimum
492 3819 666 3873 testimonium
677 3816 815 3872 Alexandri
830 3815 860 3870 dc
876 3815 922 3870 hae
935 3834 962 3871 rc
973 3835 998 3888 p.
1008 3813 1095 3884 aaut
1106 3836 1162 3890 sqq.

155 3916 194 3970 cd.
211 3917 276 3972 Bon.
