2784 4606
636 315 762 406 at'

153 523 198 586 vir
221 521 557 610 tutissimusvulgatam
587 524 727 588 munitam
752 524 839 588 duxit
862 522 961 589 verbis
984 523 1160 613 praeceden-

153 637 233 704 tibus
250 637 306 703 25b
321 636 362 704 26
387 631 407 722 ἦ
424 632 540 724 φυσικὴ
558 637 737 724 θεωρητική
753 662 799 714 τις
816 641 858 704 ἄν
873 643 921 724 εἴη
1019 645 1073 706 καὶ
1089 647 1161 730 nspl

154 750 267 819 adulor
281 750 339 839 τὴν
353 749 437 816 κατὰ
458 748 628 833 τὸνλόγον
643 747 687 830 ὥς
709 753 762 822 ine
776 749 927 832 edreolu',
943 753 991 838 οὗ
1005 756 1162 845 χωριστὴν

152 868 264 954 μόνον.
293 870 335 933 tt
357 870 428 935 baec
451 891 511 933 non
535 869 570 934 de
593 871 682 935 rebus
706 870 783 935 diota
803 884 884 948 suun
906 870 942 936 de
959 873 1067 961 quibus
1083 876 1161 964 phy·

90 1043 102 1058 ,
154 988 233 1050 sieus
256 998 333 1072 agat,
357 986 409 1050 sed
431 1008 491 1073 qua
514 1008 551 1050 ax
573 999 656 1073 parte
670 987 805 1073 -pbysioo
829 1009 875 1052 res
900 988 1070 1054 tractandae
1091 993 1158 1056 sint.

155 1100 268 1185 Quodsi
291 1101 363 1166 haee
385 1100 477 1165 verba
498 1123 604 1188 urgere
624 1103 769 1177 volueris,
793 1125 829 1167 ne
853 1102 890 1168 de
912 1103 1071 1168 mobilibus
1096 1109 1168 1192 qui-f

154 1215 221 1282 dem
243 1215 331 1282 rebus
355 1217 496 1304 physicus
520 1239 605 1304 agero
630 1216 686 1282 diei
705 1216 821 1296 debuit3
846 1221 928 1282 notio
946 1215 1068 1299 (odola)
1084 1223 1160 1286 enim

153 1335 217 1418 ipsa
240 1335 320 1398 o'mni
343 1345 421 1397 certe
444 1345 526 1396 motu
551 1345 638 1396 earet.

222 1446 321 1512 1025t
344 1447 394 1514 18.
424 1447 493 1511 ἐπεὶ
516 1447 628 1511 δὲκαὶ
651 1445 669 1533 ἡ
693 1446 811 1533 φυσικὴ
833 1448 985 1534 ἐπιστήμη
1009 1451 1159 1531 τυγχάνει

153 1557 235 1626 οὖσα
257 1567 329 1648 περὶ
350 1565 441 1644 γένος
464 1585 493 1626 τι
513 1562 570 1626 τοῦ
592 1559 686 1638 ὄντος
709 1561 794 1647 (περὶ
816 1561 879 1650 yoip
902 1564 1053 1650 τοιαύτην
1075 1566 1160 1631 ἐστὶν

154 1673 270 1742 οὐσίαν
284 1674 355 1768 ἕνῇ
377 1677 396 1763 ἢ
419 1675 499 1764 ἀρχὴ
524 1678 577 1762 τῆς
600 1673 752 1763 κινήσεως
774 1683 829 1743 καὶ
852 1679 990 1754 στάσεως
1007 1679 1042 1744 ἐν
1058 1678 1160 1772 αὐτῇ),

153 1791 253 1877 δῆλον
267 1792 315 1856 ὅτι
338 1793 410 1858 οὔτε
432 1794 586 1878 πρακτική
609 1793 692 1858 ἔστιν
713 1789 788 1858 οὔτε
809 1795 965 1879 πονηττκή.
999 1794 1168 1862 Conclusio*

115 1991 117 1995 Ι
152 1909 187 1973 fit
209 1930 268 1972 non
291 1908 380 1973 modo
405 1931 443 1974 ex
465 1913 558 1996 priori
578 1922 662 1996 parte
677 1907 746 1974 ἐπεὶ
762 1944 803 1956 -
821 1909 925 1986 ὄντος,
949 1912 1001 1976 sed
1020 1913 1159 1978 etiamen

153 2026 252 2118 verbis
266 2027 376 2089 uncis·
393 2025 526 2102 inclusis,
558 2028 626 2112 quia
656 2048 753 2091 rerum
776 2030 959 2114 poeticarum
982 2031 1159 2114 principium

153 2143 181 2204 iu
205 2139 391 2206 fabricatoris
414 2153 486 2218 arte,
514 2164 610 2207 rerum
633 2143 824 2230 physicarum
847 2156 943 2207 autern
968 2146 999 2206 in
1022 2146 1086 2228 ipsa
1108 2165 1161 2207 na·

153 2269 220 2321 tura
248 2258 379 2342 positum
403 2258 442 2320 sit
464 2253 490 2335 (a
506 2254 670 2338 22-27).
717 2258 779 2323 Han
803 2258 839 2324 de
864 2279 953 2323 eausa
976 2261 1092 2336 neseio,
1123 2279 1159 2323 an

152 2395 244 2438 unoas
268 2373 369 2436 tollere
393 2385 531 2457 praestet.

223 2486 390 2553 1028b18.
415 2484 461 2548 ἔτι
483 2481 572 2572 παρὰ
595 2483 636 2550 τοὶ
660 2485 803 2572 αἰσθητὰ
825 2485 856 2552 oi
879 2493 938 2573 μὲν
956 2486 1015 2554 οὐκ
1038 2494 1161 2555 οἴονται

153 2605 236 2668 εἰναι
253 2599 355 2667 οὐθὲν
370 2605 523 2678 τοιοῦτον,
535 2599 572 2665 'oi
588 2603 625 2667 δὲ
640 2601 738 2667 πλείω
754 2608 808 2667 καὶ
823 2601 950 2688 μᾶλλον
965 2603 1042 2669 ὄντα
1058 2602 1161 2669 didm.
1248 2671 1250 2678 ,

152 2719 237 2784 ldeae
248 2719 416 2805 Platonicae
437 2740 497 2782 non
514 2721 605 2805 magis
621 2718 709 2784 rebus
726 2719 915 2784 sensibilibus
931 2733 1065 2783 aeternae
1081 2735 1159 2798 sunt,

153 2833 206 2898 sed
234 2836 289 2898 bae
318 2836 349 2897 in
377 2855 409 2897 re
437 2837 501 2918 ipsa
531 2855 547 2897 a
573 2834 663 2898 rebus
688 2857 791 2899 sensus
815 2833 987 2898 lenientibus
1011 2833 1159 2912 differunt,
1222 2829 1223 2832 '

154 2948 235 3035 quod
258 2949 313 3012 hae
335 2952 466 3014 interitui
490 2949 648 3025 obnoxiae,
673 2950 738 3014 illae
761 2963 879 3014 aeterno
896 2954 999 3036 vigore
1020 2949 1160 3037 gaudent.

152 3062 264 3126 ldeirro
285 3064 400 3150 virgula
428 3077 495 3128 ante
519 3064 598 3129 ὄντα
620 3064 887 3152 interpungendum
912 3087 974 3130 esse
998 3064 1092 3141 dueo,
1120 3069 1161 3130 ita

152 3190 187 3242 ut
210 3178 247 3242 ad
277 3177 402 3262 μᾶλλον
424 3181 598 3266 suppleatur
620 3181 753 3245 τοιαῦτα
782 3183 843 3245 sive
867 3177 990 3255 οὐσίας,
1023 3185 1161 3246 extremis

154 3307 250 3358 autern
273 3293 372 3358 verbis
396 3317 485 3359 eausa
508 3297 626 3380 majoris
650 3295 801 3383 diguitatis
824 3296 978 3392 indicetur.

223 3407 321 3475 1030ει
338 3409 367 3475 9.
392 3409 481 3474 ἔσται
502 3406 565 3494 γὰρ
588 3410 692 3493 ὄνομα
714 3409 836 3498 ὁτῳοῦν
851 3407 937 3495 λόγῳ
960 3405 1087 3476 ταύτόν.
1121 3411 1162 3476 Ut

154 3525 253 3592 eadem
284 3549 331 3592 res
360 3539 389 3591 et
418 3528 547 3613 simplice
570 3530 687 3592 nomine
711 3541 741 3592 et
762 3526 931 3612 delinitione
954 3549 1015 3590 rem
1038 3529 1162 3592 eircum-

153 3642 299 3708 seribente
323 3644 470 3731 designari
493 3656 601 3730 potest,
626 3646 666 3708 ita
690 3664 796 3708 nomen
813 3655 842 3706 et
860 3641 990 3707 definitio
1007 3643 1162 3731 haudqua-

153 3781 241 3848 quam
270 3759 447 3835 idemsunt.
494 3761 596 3847 ltaque
618 3756 743 3835 ταύτόν,
775 3781 812 3824 ex
835 3757 1078 3844 praecedentibus
1102 3759 1162 3825 lor·

153 3889 230 3940 tasse
254 3873 351 3940 verbis
375 3872 415 3956 (v.
433 3872 466 3958 8)
497 3878 663 3963 importune
684 3876 748 3940 lbue
778 3878 924 3940 intrusum
954 3895 990 3939 ex
1012 3873 1071 3940 fide
1094 3875 1160 3940 eod.
