2782 4612
721 341 764 406 64

239 512 365 606 duel-dv
386 521 471 598 ἴσως,
495 517 530 586 δν
551 515 685 608 ἀριθμῷ
708 517 744 584 ιδ
767 473 924 604 napserim
959 516 1047 584 Omni
1067 514 1250 580 dubitationi

239 650 407 724 exemptum
431 651 493 714 est,
516 649 611 702 rectae
635 638 728 702 lineae
749 637 863 723 regioni
887 634 1019 721 planitiei
1042 631 1249 720 aequalitatem
1289 649 1293 660 “

238 753 432 840 respondere,
464 773 502 818 ex
525 756 688 818 secretione
712 765 809 817 autem
834 751 1130 832 doctrinaqnumerus
1153 751 1249 834 impar

238 872 268 932 in
295 871 399 933 scriem
422 868 571 934 bonorum
593 869 746 954 redigitur.
785 870 886 954 ltaque
909 865 1053 954 virgulam
1079 879 1155 930 certe
1177 871 1249 951 p'ost

155 1045 161 1056 ,
239 978 365 1066 ὁμαλὸν
388 984 524 1060 colloces,
547 986 579 1047 ni
593 986 677 1059 icccc
698 996 768 1070 post
791 979 924 1067 ἀριθμῷ
945 982 1116 1066 transjieere
1138 981 1247 1044 maluc-
1306 987 1318 999 ‘

238 1101 289 1163 ris.
322 1098 549 1164 PatrocInautur
572 1100 641 1164 huic
665 1093 862 1165 emendationi
886 1097 1041 1162 bessarion
1065 1090 1247 1175 (innumero

238 1235 309 1278 vcro
338 1213 463 1278 sortasse
486 1212 593 1299 impar)
623 1225 653 1278 ct
674 1214 845 1279 Alexander
867 1211 936 1292 (καὶ
959 1210 995 1275 ἐν
1017 1205 1150 1295 άριδμῷ
1171 1211 1248 1282 ἴσως

236 1311 274 1390 τά
299 1326 470 1411 περιττόν).
508 1328 557 1392 Ad
580 1349 640 1392 rem
664 1332 757 1416 ipsam
782 1329 915 1394 conferre
934 1329 1022 1413 juvat
1043 1325 1192 1411 Porphyr.
1210 1323 1248 1386 de

238 1445 299 1508 vita
315 1442 403 1529 Pytb.
421 1465 446 1507 c.
464 1441 517 1518 38,
542 1441 649 1506 ἐκάλει
669 1440 738 1528 γάρ,
753 1443 818 1509 τῶν
836 1441 1061 1525 ἀντικειμένων
1077 1433 1248 1521 δυνάμεων

237 1554 295 1640 τὴν
317 1559 376 1640 μὲν
398 1557 548 1640 βελτίονα
570 1556 700 1640 μονάδα
723 1562 778 1621 και
800 1559 870 1644 φάς
892 1562 947 1622 και
969 1551 1079 1635 δεξιὰν
1099 1557 1155 1617 καὶ
1176 1555 1247 1616 ἴσον

239 1676 293 1735 καὶ
307 1675 406 1754 μένον
418 1676 473 1735 καὶ
487 1669 585 1738 εὐθύ·
601 1668 660 1757 τὴν
675 1671 712 1736 δὲ
726 1675 857 1758 χείρονα
872 1667 984 1737 δυάδα
998 1675 1052 1734 καὶ
1068 1663 1179 1743 σκότος
1193 1668 1247 1730 acal

238 1779 407 1872 α’ριστερδν
429 1793 483 1852 καὶ
506 1787 619 1852 ἄνισον
641 1791 695 1850 καὶ
717 1789 959 1870 περιφερὲςιιαὶ
973 1782 1165 1871 φερόμενον.
1191 1783 1247 1846 Aa·

239 1921 296 1986 que
327 1906 445 1966 omniuo
477 1905 592 1979 nescio,
622 1924 659 1966 an
682 1923 742 1964 nun
766 1901 977 1988 interpretibus
1000 1904 1030 1964 in
1053 1901 1152 1964 multis
1173 1898 1247 1977 locis

237 2019 418 2102 posteriores
442 2020 602 2103 scriptores
626 2029 655 2082 et
677 2017 854 2082 scholiastae
875 2014 1017 2080 laudandi
1033 2026 1111 2082 certe
1127 2012 1245 2088 luerint,

237 2143 272 2196 ut
295 2134 465 2217 provincias
487 2153 557 2198 suas
580 2133 733 2218 explerent
755 2132 865 2219 planas.

640 2381 848 2390 κῳ-...ψ-..η-

175 2635 179 2645 1
306 2587 380 2654 Cum
404 2591 467 2654 aliis
490 2594 520 2654 in
543 2591 596 2654 Ar.
613 2589 695 2654 libris
717 2603 780 2654 turn
803 2592 834 2654 in
856 2589 939 2654 libris
957 2589 1165 2676 metaphysicis
1181 2609 1246 2652 sae·

237 2705 305 2789 pius
335 2703 597 2769 animadverteram
626 2707 784 2770 sententias
822 2705 879 2769 levi
909 2707 1138 2791 transpositione
1167 2702 1246 2768 sacta

238 2820 268 2881 in
303 2817 436 2883 ordinem
472 2820 564 2883 multo
601 2823 745 2905 aptiorem
779 2832 808 2884 et
837 2820 994 2904 justiorem
1023 2819 1118 2904 redigi
1145 2839 1243 2904 posse.

237 2931 310 2996 Rern
335 2954 400 2996 curn
424 2935 453 2996 in
476 2932 559 2996 libris
582 2931 791 3020 metaphysicis
815 2956 1015 3021 persequerer,
1041 2935 1097 2998 alia
1115 2936 1145 2996 iu
1161 2945 1245 3018 parte

237 3048 344 3124 minus,
368 3050 398 3111 in
419 3048 474 3112 alia
492 3051 584 3134 magis
601 3048 677 3113 hanc
692 3051 835 3113 rationem
851 3023 984 3112 adhiberi
1000 3069 1088 3135 posse
1103 3047 1243 3112 intellexi.

237 3161 336 3247 Atque
359 3162 465 3228 avidus
488 3185 593 3228 causae
615 3164 704 3248 hujus
727 3168 770 3228 rei
789 3163 1011 3250 investigandae
1025 3161 1055 3226 id
1071 3164 1141 3228 mihi
1156 3162 1243 3226 finxi:

185 3264 190 3270 ⁶
237 3276 301 3352 Aa,
333 3288 365 3340 ut
395 3279 447 3363 qui
474 3278 530 3342 hos
553 3277 646 3342 libros
668 3279 801 3342 nundum
824 3280 927 3358 ultima
949 3279 1018 3342 lima
1040 3278 1242 3364 perpoliverit,

238 3403 267 3456 et
295 3413 389 3456 novas
420 3394 614 3480 cogitationes
638 3393 771 3479 quotidie
794 3391 940 3458 loecunda
961 3395 1072 3479 ingenii
1095 3392 1242 3456 alacritate

236 3508 374 3582 volverit,
397 3509 428 3569 in
451 3510 582 3595 margine
606 3510 652 3572 sui
675 3509 851 3592 exemplaris
874 3509 1027 3572 alienove
1047 3507 1163 3592 adjecit,
1188 3505 1244 3570 alia

223 3623 383 3718 correxit,
414 3621 469 3685 alia
493 3621 616 3686 delenda
640 3624 826 3709 significavit.
873 3624 894 3686 li
918 3635 1029 3701 autem,
1055 3617 1105 3711 qui
1129 3645 1167 3686 ex
1191 3621 1242 3685 Ar.

237 3737 395 3824 exemplari
432 3739 608 3825 apographa,
640 3737 787 3815 lecerunt,
820 3761 879 3824 pru
914 3760 969 3803 sua
998 3740 1143 3824 imperitia
1172 3737 1242 3800 alias

236 3865 323 3918 notas
357 3853 430 3920 salso
460 3853 526 3918 loco
554 3855 811 3940 interposuerunt,
843 3855 913 3918 alias
941 3875 1089 3918 una-cum
1113 3849 1243 3918 delendis
