2784 4606
589 355 748 451 A

164 537 208 598 sic
231 545 344 598 tantum
362 531 451 596 verba
476 529 614 617 πρότερα
636 533 663 610 y’
676 531 755 597 ὄντα
770 531 895 610 habent,
920 533 998 598 unde
1013 533 1170 620 pendeant.

165 651 229 715 Hae
256 652 418 714 mutatione
447 645 522 712 laeta
550 649 709 734 particulas
733 643 817 712 otta
840 644 905 734 μὴν
927 649 1171 736 praecedentibus

166 763 219 829 dni
241 769 301 848 μὲν
322 764 387 828 τῶν
409 759 524 828 ἀϊδίων
551 763 729 850 respondere
761 786 878 829 censeas
908 778 936 830 et
964 767 1008 830 sic
1028 769 1171 852 interpre·
1235 787 1237 798 ·

166 883 253 946 teris:
285 880 390 944 animal
414 893 443 943 et
465 879 549 964 bipes
572 877 709 959 (ταῦτα),
741 903 778 944 ex
808 881 915 967 quibus
938 885 1021 945 notio
1046 881 1171 945 hominis

104 995 111 1006 '
167 1009 300 1072 constat,
331 997 393 1080 pari
420 995 487 1079 jure
514 1016 548 1058 ac
571 994 659 1058 bomo
683 999 747 1081 ipse
770 994 941 1082 dignitatem
964 1011 1098 1060 aeternae
1121 987 1172 1061 na-

166 1125 251 1176 turae
280 1107 347 1190 (ent
374 1111 438 1174 τῶν
466 1105 595 1188 ἀϊδίων)
624 1109 680 1173 sibi
710 1123 829 1195 petunt,
859 1125 894 1174 ut
922 1133 997 1198 quae
1020 1114 1118 1197 priora
1144 1125 1173 1175 et

61 1255 66 1263 ·
166 1235 266 1314 partes
294 1229 336 1290 rei
360 1226 543 1309 compositae
567 1227 634 1288 sint.
682 1223 742 1288 Sed
765 1247 823 1288 non
850 1211 937 1290 modo
962 1239 1079 1308 aeterna
1103 1239 1173 1291 sunt

131 1409 134 1414 ,
166 1342 220 1407 sed
236 1345 321 1406 etiam
338 1341 469 1424 sejuncta
482 1336 649 1422 (χωριστά)
663 1335 693 1403 'et
708 1361 760 1424 per
776 1363 807 1404 se
822 1344 980 1406 existentes
991 1336 1020 1424 ¹),
1038 1343 1173 1428 quando·

167 1459 284 1545 quidem
314 1459 404 1521 bomo
433 1456 496 1540 ip‘se
525 1456 674 1538 sejunctae
704 1455 886 1520 substantiae
917 1457 1030 1521 honore
1052 1457 1170 1521 fruitur.

167 1575 268 1660 Atque
291 1573 363 1636 haec
386 1569 503 1656 quidem
527 1553 661 1653 extrema*
681 1574 825 1635 sententia
849 1572 964 1657 duplice
987 1575 1100 1636 ratione
1123 1573 1173 1636 lir-

169 1700 280 1751 matur:
311 1687 401 1750 altera
424 1685 621 1771 proficiscitur
644 1685 680 1749 ab
704 1689 767 1771 ipsa
794 1686 927 1751 doctrina
949 1688 1099 1752 Platonica
1123 1709 1173 1774 gc-

167 1804 231 1867 neri
260 1800 382 1888 (ζῷαν)
418 1811 550 1865 aeternae
585 1799 768 1866 substantiae
799 1803 969 1890 dignitatern
998 1804 1171 1890 injungenti,

168 1918 248 1983 unde
275 1920 374 2003 sequi,
406 1915 596 1980 differentiam
620 1913 765 1998 (δίπουν)
792 1939 851 1982 non
875 1921 986 1983 minore
1005 1919 1074 2004 jure
1098 1908 1173 1982 idem

169 2033 225 2097 sibi
249 2033 397 2096 vindicare
421 2029 525 2116 (19’ἢ
546 2026 609 2116 γὰρ
637 2073 672 2084 -
690 2032 728 2097 21
755 2031 933 2119 διαφαρά);
963 2035 1053 2098 altera
1080 2055 1173 2120 genus

168 2161 257 2235 atque
280 2135 482 2222 differentiam,
508 2159 541 2210 ut
564 2149 672 2232 priora,
697 2149 818 2226 homini,
842 2162 877 2212 ut
896 2152 1064 2236 posteriori,
1088 2169 1174 2234 prae·

170 2262 307 2350 ponenda
329 2283 392 2326 esse
417 2274 503 2347 urget
525 2257 577 2341 (21
603 2263 671 2326 εἶθ’
695 2301 728 2315 -
747 2263 789 2327 22
813 2259 1072 2350 ἀνταναιρεῖται).
1112 2263 1173 2326 lloc

170 2383 198 2443 in
224 2379 419 2465 explicatione
443 2380 580 2442 extremis
604 2379 702 2443 verbis
725 2402 785 2444 non
807 2403 857 2458 ea,
885 2401 960 2468 quae
983 2403 1072 2466 supra
1097 2378 1174 2442 dicta

170 2507 239 2558 sunt
262 2489 324 2573 (18
347 2487 486 2576 πρότερα
508 2488 663 2576 γ’ὅντα),
688 2507 905 2582 reeoquuntur‚
930 2495 981 2560 sed
1003 2494 1104 2558 cadem
1128 2513 1174 2556 res

170 2611 229 2674 illie
251 2611 468 2684 aeternitatem,
495 2609 541 2671 hic
565 2609 737 2674 absolutam·
755 2611 1030 2676 substantialitatem
1055 2609 1176 2674 demon·

171 2737 253 2790 strat.
300 2724 409 2787 Levius
438 2723 564 2808 denique
593 2724 730 2788 mendum
758 2727 860 2790 tollere
883 2727 963 2791 libet.
1013 2725 1174 2788 Genuinam

173 2843 247 2904 enim
271 2840 423 2904 lectionem
448 2834 494 2901 dcc
509 2837 546 2902 δὲ
569 2835 646 2920 (13),
672 2843 901 2906 commenticiam
926 2837 1035 2904 ἔπειτα
1053 2839 1091 2902 δὲ
1113 2861 1176 2902 esse

151 2953 257 3020 ‘Alex
283 2965 418 3018 testatur.
463 2953 605 3017 Nostrum
629 2976 700 3019 vero
731 2959 760 3018 in
790 2970 904 3021 textum
934 2971 964 3020 et
991 2958 1118 3040 genuina
1147 2966 1177 3017 et

172 3069 348 3154 interpolata
376 3069 462 3132 lectio
493 3071 747 3154 immigraverunt‚
779 3071 867 3135 modo
898 3072 1015 3135 diverso
1042 3071 1108 3133 loco
1133 3072 1176 3131 in·

171 3198 286 3260 trusae,
307 3183 389 3247 ⁸urrde
413 3184 568 3269 legendum
593 3206 656 3248 esse
680 3185 771 3248 duco:
794 3183 841 3248 ἔτι
865 3185 900 3249 δὲ
923 3187 953 3248 ol
973 3184 1008 3262 ἐξ
1032 3179 1178 3247 1οιιῶναὶ

175 3297 259 3362 ἰδέαι
287 3291 520 3379 (αἶσαν-ὦν)
544 3296 597 3360 ent
618 3297 749 3364 πολλῶν
772 3296 897 3385 δεήσει.
995 3301 1124 3387 Vulgata
1148 3302 1176 3361 in

171 3415 297 3478 lectione
320 3411 366 3477 dee
387 3435 448 3478 non
472 3413 560 3478 modo
585 3417 664 3477 omni
683 3417 712 3478 vi
738 3437 852 3492 carere,
882 3417 934 3480 scd
958 3417 1044 3479 etiam
1068 3417 1177 3499 impor-

172 3541 278 3593 tunum
303 3551 366 3594 esse
388 3551 449 3592 non
472 3541 530 3604 est,
556 3550 608 3592 cur
631 3531 794 3615 explanem.

244 3642 410 3710 1040l10.
435 3642 575 3727 μάλιστα
599 3642 630 3708 d’
645 3643 687 3708 ἄν
701 3667 748 3720 τις
769 3640 810 3708 τὰ
832 3645 896 3710 τῶν
917 3643 1075 3732 ἐμψύχων
1097 3640 1178 3710 ὓπο-

233 3891 251 3957 1)
278 3886 309 3942 ei.
330 3885 409 3944 1039·
418 3883 454 3940 30
469 3905 526 3957 sqq.
