2782 4612
581 343 739 442 -m-

154 523 365 589 arithmeticam
390 519 434 587 de
449 523 589 608 potentiis
613 545 699 610 agere
721 524 834 588 monuit
857 519 988 588 104627
1010 520 1161 606 καθάπερ
1210 568 1213 577 .
1278 518 1281 525 ’

100 633 105 639 ’
155 638 192 705 ἐν
210 641 385 723 γεωμετρίᾳ
404 640 459 702 καί
475 633 598 702 δννατνί
614 643 668 702 καὶ
688 633 836 704 ἀδύνατα
858 637 992 721 λέγομεν
1013 641 1057 726 ιῷ
1080 637 1165 702 αἰναί

155 779 222 830 πως
236 757 257 838 ἢ
272 752 314 839 μὴ
330 755 414 818 εἶναι
423 747 453 836 ¹).
478 755 579 840 ltaque
595 748 631 817 τδ
649 749 797 830 δυνατδν,
821 767 963 820 commate
980 779 995 820 a
1011 754 1162 841 prioribus

155 873 330 956 sejunctum,
354 883 503 956 tamqnam
524 892 617 934 unum
633 872 798 958 exemplum
824 873 922 946 exiis,
945 893 1020 956 quae
1039 870 1160 945 homini,
1220 933 1222 938 .

156 989 242 1050 etiam
273 986 298 1048 si
326 983 514 1049 indivisibilis
544 999 634 1062 esset,
664 986 864 1061 inhaererent,
895 986 988 1050 levius
1016 983 1161 1070 adjectum

156 1121 220 1166 esse
251 1099 378 1164 videtur.
418 1098 478 1163 Sed
508 1099 629 1176 dubito,
661 1122 730 1165 num
760 1102 974 1188 ipseheerens
1001 1100 1064 1162 aliis
1087 1099 1162 1164 hanc

157 1215 383 1302 explicationem
405 1214 539 1300 probem.

226 1327 324 1394 10822
339 1328 391 1394 37.
411 1325 481 1393 οἷον
493 1329 524 1392 εἰ
532 1327 572 1392 τὰ
589 1327 652 1414 ζῷα
668 1333 748 1414 φαίη
760 1353 807 1402 τις
818 1332 1007 1408 συγκεῖσθαι
1018 1327 1052 1391 ἐκ
1065 1327 1161 1414 ζῴων,

156 1445 186 1508 εἰ
213 1444 334 1509 τούτων
363 1443 448 1507 ἰδέαι
475 1443 564 1508 εἰσιν.
601 1443 656 1508 Ex·
677 1467 726 1521 eo,
758 1444 839 1531 quod
867 1444 998 1530 singulae
1022 1442 1162 1508 monades

156 1581 345 1624 numerorum
362 1559 497 1624 idealium
520 1571 549 1623 et
564 1561 645 1645 ipsae
668 1559 750 1624 ideae
766 1562 835 1640 sint,
856 1571 1083 1653 consentaneum
1100 1579 1162 1622 esse

156 1676 210 1738 Ar.
227 1675 327 1751 docet,
356 1696 404 1738 res
428 1695 547 1760 quoque
570 1661 664 1759 ipsas,
690 1695 815 1759 quarum
838 1674 920 1738 ideae
942 1681 1100 1760 ponantur,
1125 1693 1163 1736 ex
1272 1683 1275 1691 “

156 1789 292 1875 pluribus
315 1789 405 1854 rebus
429 1801 573 1865 constare,
598 1787 758 1852 absurdam
781 1801 878 1853 autem
902 1790 977 1852 hanc
998 1788 1161 1852 doctrinam

158 1925 220 1968 esse
248 1903 337 1968 rebus
365 1907 438 1989 ipsis
468 1904 578 1969 affatim
606 1903 744 1990 probari3
774 1907 839 1990 quis
868 1905 943 1968 enim
973 1925 1032 1968 non
1059 1900 1164 1966 illudat

156 2020 279 2095 homini,
303 2019 409 2084 animal
432 2040 470 2084 ex
494 1993 669 2083 animalibus
684 2031 819 2084 constare
836 2019 953 2082 dicenti.
987 2019 1053 2082 Huc
1068 2037 1163 2104 usquc

158 2135 371 2224 omniaplena
402 2147 491 2219 atque
521 2137 665 2200 concinna
693 2147 777 2210 sunt,
811 2133 981 2219 languidum
1014 2145 1110 2196 autem
1135 2143 1164 2196 et

158 2248 239 2313 futile
263 2247 492 2313 additamentum
523 2248 714 2314 »elvericum
736 2248 821 2312 ἰδέαι
843 2248 942 2312 εἰσινα
974 2246 1092 2333 pondus
1118 2247 1164 2331 ar·¹

157 2365 386 2449 gumentationis
409 2366 513 2429 mirum
532 2377 674 2450 quantum
690 2364 832 2429 debilitet.
862 2365 960 2449 Atque
976 2355 1077 2448 spuria·
1091 2360 1164 2425 haec

157 2478 249 2543 verba
285 2499 347 2542 esse
381 2477 576 2566 discrepantia
605 2479 692 2547 codd.
716 2493 745 2544 et
774 2479 934 2544 editionum
957 2475 1021 2561 'jam
1042 2489 1163 2540 monet:

158 2593 218 2658 Sed
248 2597 311 2682 ipse
333 2593 431 2670 Alere,
460 2593 540 2679 apud
565 2595 784 2681 quem-nullum
808 2595 915 2657 horum
939 2591 1096 2655 verborum
1121 2591 1165 2654 in-

158 2709 267 2774 dicium
292 2721 403 2786 exstat,
428 2712 507 2772 viam
531 2709 715 2795 corruptelae
739 2722 892 2774 monstrat.
931 2709 957 2770 ls
980 2709 1071 2780 enim,
1095 2717 1166 2791 post
1204 2709 1216 2734 ⁸

160 2822 223 2911 ζῷα
252 2822 505 2911 distinguendum,
536 2823 640 2888 deinde
658 2805 751 2909 =cereale
780 2846 825 2898 τις
849 2855 889 2868 -
916 2819 1005 2909 ζῴων
1031 2818 1190 2884 addenda‘

159 2962 222 3004 esse
246 2942 347 3003 suasit.
383 2939 445 3002 Hac
469 2936 656 3003 distinctione
681 2938 756 3003 lacta
779 2939 817 3003 ad
841 2937 904 3023 ζῷα
928 2935 1165 3021 esupecioribus

159 3053 356 3139 supplendum
373 3053 428 3116 luit
441 3052 525 3115 ἰδέαι
540 3053 633 3127 stultu
657 3053 714 3128 hoc
729 3053 884 3138 glossema,
902 3051 1025 3136 margini
1038 3031 1166 3115 ¹l'ortasse

159 3168 355 3254 adscriptum,
386 3169 512 3252 primum
542 3165 807 3253 importuno'loco
836 3170 865 3230 in
893 3178 1008 3230 textum
1036 3153 1194 3251 irrepsit,'

159 3282 264 3346 deinde
286 3283 371 3346 vario
401 3280 488 3346 modo
517 3255 583 3347 cum
604 3294 669 3346 tota
693 3283 908 3348 enunciationis
932 3278 1165 3346 conformatione

159 3400 365 3462 concinnatum
389 3409 442 3460 est.
828 3379 833 3387 ’

218 3580 236 3646 ¹)
267 3577 349 3631 Simili
377 3577 475 3630 ratione
504 3575 624 3630 Euclides
650 3577 721 3631 elem.
740 3578 767 3630 X
790 3576 863 3654 doec:
895 3577 1028 3632 εὐθεῖαι
1052 3575 1167 3648 δυνάμει

159 3675 302 3749 σύμμετροί
324 3676 391 3727 εἰσιν
412 3673 475 3726 ὅταν
495 3672 526 3727 adt
544 3674 588 3728 ἀπ’
604 3673 688 3727 αἰτῶν
710 3667 859 3748 τετράγαινα
876 3675 911 3743 τῷ
928 3675 996 3744 αὐτῷ
1008 3673 1101 3748 χωρίῳ
1117 3693 1168 3750 pae-¹

157 3773 259 3847 τρῆιαι;
277 3772 414 3841 potentiam
435 3780 533 3837 autem,
558 3790 632 3842 qnam
654 3771 823 3824 mathematici
841 3770 933 3823 horum
953 3771 1049 3846 dierum
1070 3771 1165 3836 dieunt,

157 3867 279 3924 Euclides
292 3869 395 3924 nominc
407 3868 568 3942 τετραγώνου
580 3871 679 3924 notavit
691 3869 723 3923 cf.
735 3867 807 3922 Eucl.
821 3865 894 3923 clem.
907 3866 928 3921 Ι.
940 3883 965 3937 p.
980 3851 1041 3948 let..
1049 3867 1088 3922 ed.
1097 3868 1165 3939 Aug.
